3150 5152
287 263 352 326 546
746 263 882 316 Ricardus
901 264 995 318 Heim:

288 451 364 507 quae
378 431 470 490 verba
484 431 706 505 quaternarium
722 431 863 508 efficiunt,
878 435 913 489 ut
922 432 1086 490 Buecheler
1094 424 1119 511 l)
1134 435 1214 490 recte
1230 431 1313 507 dicit3
1330 432 1364 489 cf.
1380 431 1459 489 infra

288 540 316 595 p.
332 521 393 578 551
415 513 461 577 ‘ut
481 519 609 594 amplius
628 538 686 578 non
706 538 856 597 crescas,
877 521 928 579 scd
947 514 1103 580 arescas'
1122 524 1153 579 et
1172 514 1218 578 ‘ut
1231 540 1289 579 non
1304 539 1459 595 crescas,

290 608 342 666 sed
361 603 568 668 evanescaa'.

377 705 474 764 Varro
494 706 530 763 de
549 725 572 764 r.
587 726 611 763 r.
630 706 645 763 I
661 708 689 782 2,
705 707 756 764 27.

423 797 514 852 terra
533 796 648 868 pestem
666 796 802 867 teneto,

432 883 513 959 salus
532 882 581 940 hic
600 885 745 942 maneto.

379 980 473 1039 Porro
493 981 717 1039 allitterationis
736 999 824 1039 usum
843 980 1039 1056 deprehendis
1057 982 1088 1038 in
1107 983 1202 1040 altero
1221 981 1365 1040 Varronis
1387 975 1421 1058 (l.
1441 983 1464 1039 l.-

290 1068 334 1126 VI
359 1061 431 1149 21);
463 1072 553 1143 atque
585 1071 760 1144 plerumque
784 1070 856 1126 haec
883 1069 1106 1129 incantamenta
1128 1076 1301 1145 pervetusta
1324 1071 1459 1129 oratione

291 1157 461 1233 rhythmica
479 1159 632 1232 quaternis
651 1158 760 1217 ictibus
779 1159 943 1233 composita
960 1163 1038 1217 sunt.

424 1265 541 1305 novum
560 1251 650 1305 vetus
669 1247 775 1305 vinum
793 1247 876 1322 bibo,

424 1354 510 1394 novo
529 1335 631 1394 veteri
648 1337 756 1394 morbo
776 1335 907 1395 medeor.

292 1433 381 1491 Marc.
397 1432 524 1491 XXXVI
539 1435 589 1491 70.

424 1540 579 1588 venenum
597 1540 719 1580 veneno
738 1523 889 1596 vincitur,

396 1662 399 1667 .
425 1609 529 1668 saliva
547 1610 646 1668 ieiuna
664 1612 747 1687 vinci
764 1631 823 1670 non
841 1613 949 1686 potest.

291 1718 384 1790 Marc..
393 1716 477 1774 XXV
494 1719 542 1775 13.

424 1809 545 1864 terram
564 1810 677 1884 teneo,
695 1807 820 1865 herbam
837 1808 923 1884 lego,

426 1896 522 1969 prosit
541 1889 586 1974 (in
604 1896 722 1954 nomine
742 1889 868 1976 Christi)
888 1895 925 1955 ad
944 1897 1024 1973 quod
1042 1900 1073 1955 to
1091 1897 1212 1973 colligo.

293 2012 382 2068 supra
401 2013 429 2068 p.
443 1995 518 2052 498.
541 2071 543 2074 ⁴
961 2032 965 2038 -

428 2083 522 2139 stulta
540 2082 656 2140 femina
674 2099 763 2157 super
782 2083 899 2142 fontem
919 2084 1072 2157 sedebat,

427 2171 554 2228 stultum
572 2171 727 2229 infantem
745 2171 776 2228 in
796 2171 863 2230 sinu
882 2173 1038 2246 tenebat,

428 2259 540 2317 siccant
557 2263 696 2336 montes,
716 2261 827 2318 siccant
845 2261 961 2335 valles,

427 2348 539 2406 siccant
556 2367 679 2424 venae,
698 2350 747 2408 vel
766 2349 813 2407 cui
832 2349 868 2408 de
887 2351 1032 2427 sanguine
1051 2353 1121 2410 sunt
1139 2351 1271 2426 plenae.

293 2455 384 2513 Marc.
398 2455 469 2513 XXI
484 2457 513 2513 3.

428 2549 489 2602 tres
507 2543 639 2618 virgines
658 2545 689 2602 in
706 2545 807 2604 medio
827 2545 907 2602 mari
925 2565 1068 2605 mensam

427 2631 643 2690 marmoream
661 2634 795 2708 positam
813 2634 1012 2709 habebant,

428 2721 504 2778 duae
523 2722 744 2798 torquebant,
763 2741 823 2779 una
841 2725 1064 2797 retorquebat.

429 2809 582 2878 Quomodo
600 2810 655 2868 hoo
673 2829 835 2885 numquam
854 2812 998 2871 factumst

429 2898 470 2957 sic
488 2917 649 2973 numquam
670 2898 744 2957 Gaia
763 2898 831 2957 Seia

429 2987 504 3045 sciat
522 2987 600 3046 corci
619 2988 759 3048 dolorem.

295 3087 331 3143 cf.
345 3085 476 3143 XXVIII
492 3087 541 3144 74.

428 3178 489 3232 tres
508 3173 640 3249 virgines
660 3175 892 3251 circumibant,

429 3264 505 3320 duae
524 3262 726 3337 alligabant,

430 3370 489 3408 una
507 3351 706 3411 revolvebat.

432 3557 588 3595 summum
608 3539 747 3615 caelum,

430 3627 495 3684 ima
513 3628 613 3701 terra,

429 3714 582 3773 medium
600 3716 883 3775 medicamentum.

386 3822 512 3880 Numeri
526 3841 586 3880 non
599 3822 717 3881 obscuri
727 3842 813 3897 opem
823 3824 925 3882 ferunt
935 3820 1191 3885 incantamentum
1198 3826 1330 3884 Marcelli
1341 3817 1427 3905 (XXI
1439 3830 1467 3903 2,

297 3912 333 3970 cl,
353 3930 444 3986 supra
462 3931 489 3985 p.
505 3903 585 3990 482)
604 3912 786 3970 restituenti:

363 4001 443 4058 Anto
462 4018 531 4057 cave
551 4018 637 4058 corcu
974 4003 1041 4061 leva
1060 4004 1225 4077 libidinem,

363 4108 417 4148 nec
435 4089 563 4164 morgito
584 4091 746 4165 cantorem,
974 4091 1091 4151 discede
1110 4112 1128 4150 a
1146 4090 1276 4149 nonnita.

364 4182 399 4235 ut
416 4179 483 4249 hoe,
503 4179 537 4235 ut
556 4177 623 4253 hos,
642 4180 677 4235 ut
694 4178 757 4237 hos.
973 4180 1005 4239 in
1022 4181 1139 4240 nomine
1159 4179 1205 4237 dei
1223 4179 1327 4253 Iacob,

363 4266 549 4343 praeparabo
568 4266 624 4325 tibi
643 4266 757 4324 vinum:
974 4271 1004 4327 in
1023 4269 1140 4328 nomine
1159 4267 1206 4326 dei
1225 4267 1366 4328 Sabaoth.

388 4437 413 4503 1)
433 4436 464 4487 In
483 4452 552 4489 mus.
570 4436 657 4489 Rhea.
672 4433 790 4488 XXXIV
809 4454 836 4504 p.
853 4444 903 4492 343
913 4456 962 4507 sq,
981 4436 1139 4492 ubimulta
1158 4435 1297 4492 eiusmodi
1315 4443 1466 4510 congessit.
1515 4462 1525 4477 ·
