3150 5152
196 291 262 356 500
654 291 790 346 Ricardus
809 292 904 345 Heim:
1014 344 1019 354 ,

197 453 296 519 ματα’;
316 453 364 506 sed
384 468 438 504 non
457 452 545 520 probo
564 452 637 504 hano
657 449 888 517 emendationem,
907 451 1056 519 legendum
1076 453 1149 506 enim
1170 454 1230 519 ests
1249 452 1273 505 si
1292 452 1367 506 ‘reli-
1460 493 1461 496 ¹

196 523 275 591 giosa
292 522 388 576 verba’
410 521 556 588 Pelagonii
574 538 778 590 comparamus:
802 524 903 591 λιπαρὰ
920 523 956 576 τὰ
974 524 1092 591 ῥήματα.
1127 523 1213 577 Porro
1233 521 1368 590 quidhoc

197 595 257 648 loeo
276 597 293 660 ἡ
314 596 344 647 δὲ
363 594 443 647 deoc?
476 592 571 646 Scribe
589 595 607 659 ἡ
628 595 658 646 δὲ
677 594 783 659 θεὸτηε.
1121 611 1125 623 ·

288 708 387 766 Etiam
406 708 541 766 Marcelli
559 699 701 788 (XXXVI
717 697 772 788 19)
791 708 872 766 loeus
895 707 1047 768 sollemnis
1071 709 1217 767 formulae
1240 710 1370 791 colorem

198 797 302 855 habet:

288 876 369 944 114.
392 883 547 943 Adversus
566 885 738 960 podagram.
773 927 912 944 .......
931 885 1090 945 Phlomum
1113 887 1206 944 moles
1231 889 1262 944 et
1281 887 1369 960 disee,

198 974 342 1050 quamdiu
359 974 465 1031 moles:
491 967 846 1050 ε1111111111οοοΙαιο,
866 974 936 1032 ima
954 978 1066 1054 terra,
1090 975 1243 1033 medium
1262 977 1371 1034 medi-

199 1056 415 1121 camentum’
432 1105 571 1122 .......

290 1149 385 1219 Quam
403 1150 570 1209 cantionem
584 1151 664 1227 apud
679 1151 752 1210 alios
767 1152 893 1226 populos
909 1151 1061 1224 habemns,
1080 1155 1114 1210 ut
1129 1152 1256 1212 Wuttlre
1271 1150 1289 1228 ξ
1306 1155 1369 1213 236

199 1240 287 1297 affert
305 1259 341 1297 ex
359 1240 411 1298 illo
426 1239 503 1297 libro
518 1239 717 1299 famosissimo
733 1232 1055 1299 ‘Romanusbllehlein'.
1088 1241 1223 1317 Longam
1237 1241 1369 1301 incanta-

199 1327 312 1388 tionem
331 1331 472 1387 secuntur
490 1328 521 1385 in
539 1327 597 1387 fine
615 1328 700 1386 haee:

478 1434 539 1492 Der
558 1435 690 1492 Himmel
708 1435 749 1492 ist
768 1435 805 1494 ob
824 1434 883 1508 dir,

479 1523 531 1582 das
551 1522 694 1582 Erdreioh
713 1526 801 1582 uuter
820 1523 878 1599 dir,

366 1657 372 1668 ,
478 1611 519 1670 du
536 1613 597 1672 bist
615 1613 646 1670 in
664 1613 717 1670 der
735 1613 856 1687 Mitten,

477 1701 526 1760 ioh
545 1719 675 1777 gesegne
695 1701 761 1760 dieh
779 1721 834 1762 vor
853 1701 905 1760 das
925 1701 1087 1760 Verritteu.

199 1809 235 1866 of.
255 1808 383 1866 Bartsch
402 1801 522 1883 ‘Sagen²
541 1806 754 1884 Aberglauben
773 1813 827 1866 eto.
845 1827 900 1868 aus
916 1801 1142 1884 Meeklenburg’
1158 1808 1189 1866 ΙΙ
1202 1828 1229 1882 p.
1247 1809 1308 1867 385
1320 1827 1372 1884 sq„

200 1896 252 1972 qui
269 1897 419 1970 permulta
438 1897 572 1970 exempla
591 1897 680 1954 huius
699 1897 817 1973 generis
836 1900 998 1955 enumerat.

292 2035 444 2096 Obsourus
464 2039 510 2095 est
533 2055 638 2096 sensus
656 2037 817 2096 verborum
843 2029 986 2119 (fortasse
1009 2031 1192 2099 Ἀδυνὰτων
1211 2038 1303 2114 capiti
1321 2039 1372 2097 ad·

202 2125 352 2184 numerari
370 2116 509 2205 potest.):

296 2207 376 2272 115.
400 2213 550 2289 Hippiatr.
568 2234 597 2289 p.
615 2216 669 2291 15,
693 2232 717 2273 o.
740 2217 788 2273 17.
822 2210 1042 2289 Φυλακτήριον
1066 2213 1146 2290 πρὸ(
1170 2214 1263 2289 μᾶλιν
1286 2211 1373 2288 παρὰ

200 2303 258 2361 τοῦ
283 2297 473 2376 φιλοεόφου.
511 2296 626 2380 μύρμηξ
648 2307 756 2379 ψοφεῖ·
779 2299 909 2381 πέλωρος
933 2298 1066 2382 κεφαλὴν
1089 2299 1143 2365 οὐκ
1167 2302 1235 2382 ἔχει·
1260 2301 1373 2380 ἔλαφον

201 2385 309 2462 πιάσας
328 2385 439 2468 ἆμέλξω
464 2390 590 2450 Μυσίαν
612 2385 792 2468 παλαιτάτυν
811 2437 817 2450 .
834 2438 862 2452 ..
888 2388 1043 2464 (secuntur
1061 2389 1173 2468 ἐφέεια
1190 2385 1372 2472 γράμματα)

201 2475 368 2554 ...γράψας
378 2477 414 2539 ἐν
425 2474 524 2558 χάρτῃ
535 2481 662 2558 καθαρῷ
675 2478 694 2555 ἢ
707 2476 906 2560 κακκιτερίνῳ
921 2477 1074 2556 περίαπτε
1084 2476 1159 2563 (eod.
1169 2476 1372 2556 μαλαιτάτην,

202 2569 439 2627 emendationem
458 2568 697 2628 Radermachero
716 2563 833 2649 debeo.)

292 2691 442 2767 Sequatur
469 2693 632 2752 incantatio
661 2695 699 2752 ad
726 2694 875 2752 maleficas
904 2693 1142 2752 averruncandae
1167 2694 1267 2770 utilis,
1296 2713 1372 2769 quae

200 2780 330 2838 traditur
348 2781 428 2855 apud

292 2860 372 2928 116.
396 2870 476 2928 Fest.
494 2890 522 2944 p.
537 2872 600 2929 314
612 2871 649 2930 Μ,
684 2863 829 2951 Stri(gem
844 2873 878 2928 ut
892 2869 935 2928 ait
952 2861 1107 2948 Verri->us
1123 2867 1228 2928 Graeci
1244 2864 1372 2942 (τρίγγα
1419 2883 1422 2887 ·

140 3026 142 3030 ,
203 2948 388 3039 ap(pellent)
408 2958 486 3034 quod
504 2959 645 3018 maleficis
665 2960 840 3018 mulieribus
859 2977 966 3017 nomen
984 2957 1112 3016 inditum
1128 2960 1181 3030 est,
1201 2978 1274 3035 quas
1291 2959 1370 3017 vola·
1464 2998 1467 3001 a

202 3046 277 3105 tioas
302 3047 392 3105 etiam
415 3051 530 3106 vocant.
577 3049 683 3124 Itaque
712 3049 808 3107 solent
835 3048 881 3105 his
909 3046 1009 3105 verbis
1038 3065 1087 3105 eas
1116 3047 1211 3106 veluti
1237 3051 1372 3106 avertere

202 3133 320 3193 Graeci:
336 3131 528 3195 (ΥΡΡΙΝΤΑ
542 3133 754 3196 ΠΟΜΠΕΙΕΝ
773 3131 1031 3197 ΝΥΚΤΙΚΟΜΑΝ
1043 3131 1370 3197 (ΤΡΙΝΤΑΤΟΛΑΟΝ

203 3220 321 3283 ΟΡΝΙΝ
342 3219 582 3284 ΑΝΩΝΥΜΙΟΝ
605 3220 853 3285 ΩΚΥΠΟΡΟΥ(
873 3221 1053 3285 ΕΠΙΝΗΑΕ.

290 3311 372 3380 Quae
390 3313 482 3370 verba
503 3311 532 3370 O.
549 3311 608 3372 Otf.
624 3313 751 3373 Mueller
770 3315 866 3374 editor
885 3314 1024 3392 rest'tuit·
1043 3314 1073 3371 et
1096 3314 1133 3372 ad
1156 3332 1261 3372 versus
1286 3315 1373 3372 hexa-

202 3401 290 3458 metri
309 3404 438 3459 metrum
452 3403 496 3459 ita
514 3399 685 3460 restrinxit:

314 3501 435 3580 (τρίγγ>
453 3502 659 3582 ἀποπομπεῑν
678 3505 913 3582 νυκτικορώνην
932 3501 1053 3581 ετρίγγ’
1072 3502 1137 3568 ἀπὸ
1156 3508 1245 3568 λαῶν

313 3588 403 3668 ὄρνιν
422 3589 592 3670 ἀνώνυμον
612 3591 800 3671 ὠκυπόρους
819 3594 871 3656 ἐπὶ
890 3597 968 3670 νῆα(
989 3592 1172 3676 [ἐλαύνειν]

203 3701 304 3778 Bergk
318 3701 350 3760 P.
366 3702 399 3761 L.
415 3702 449 3762 G.
464 3695 531 3760 ΙΙΙ4
548 3724 576 3778 p.
593 3705 709 3779 664111,
728 3722 831 3762 versus
850 3703 959 3778 lyricos
978 3703 1023 3762 ita
1041 3705 1208 3764 constituit:

605 3803 732 3882 (τρίγγ’
751 3803 958 3882 ἀποπομπεῐν

605 3892 787 3972 νυκτιβόαν,

605 3979 726 4058 ετρίγγ’
744 3980 809 4044 ἀπὸ
828 3983 929 4060 λαῶν,

605 4068 694 4148 ὄρνιν
714 4069 884 4147 ἀνώνυμον

605 4157 792 4237 ὠκυπόρους
811 4159 863 4222 ἐπὶ
881 4163 969 4238 νῆας.

204 4269 388 4326 Sententiam
407 4271 532 4327 noctuas
551 4287 570 4328 a
588 4268 708 4328 civitate
727 4270 758 4327 in
777 4287 867 4330 nares
886 4269 967 4329 mitti
985 4268 1137 4327 eommode
1161 4268 1235 4326 mihi
1254 4268 1373 4329 videtur

203 4357 329 4416 Mueller
347 4357 377 4415 in
397 4351 616 4433 ‘supplemento
636 4357 836 4418 adnotationis
857 4360 895 4418 ad
914 4351 1047 4417 Festum'
1067 4377 1094 4432 p.
1110 4359 1173 4418 409
1193 4358 1263 4416 inde
1282 4357 1373 4416 inter-

201 4446 322 4518 pretari,
343 4447 421 4522 quod
441 4466 506 4506 oum
526 4449 635 4506 noetua
652 4447 683 4506 in
699 4451 874 4507 terramala
890 4446 1090 4524 portenderet,
1107 4447 1136 4505 in
1151 4447 1251 4508 navali
1271 4451 1371 4506 tamen
