3150 5152
493 308 704 366 Incantamenta
722 309 833 381 magica
851 326 951 380 graeca
969 310 1067 367 latina.
1304 312 1369 377 505

363 478 409 538 Tu
429 471 434 560 Ι
454 479 507 538 illa
525 497 594 539 vere
612 477 749 555 gentium
767 482 798 538 et
816 479 917 540 divum
936 499 1057 555 parens,
1106 521 1118 561 ὓ
1195 524 1207 562 7

362 569 432 627 Sine
450 588 510 645 qua
527 587 581 627 nec
599 571 770 628 maturatur
788 569 943 644 quicquam
964 588 1018 629 nec
1036 570 1120 628 nasci
1137 572 1244 645 potest.

362 658 408 716 Tu
427 675 458 716 es
476 675 599 734 magna,
618 658 652 715 tu
672 676 703 716 es
722 658 821 716 divum
841 658 947 734 regina
966 651 1028 736 <0>
1047 659 1110 717 dea.

363 746 418 823 Te,
438 745 519 822 diva,
537 747 628 804 adoro
646 748 791 821 tuumque
810 765 864 823 ego
883 765 991 806 nomen
1010 747 1127 822 invoco,

360 835 529 911 Facilisque
547 837 681 910 praestes
699 835 755 894 hoc
773 835 860 911 mihi,
879 836 959 912 quod
980 839 1008 894 te
1026 854 1113 911 rogo,

361 923 558 1000 Referamque
577 924 684 1000 gratis,
703 923 784 999 diva,
803 923 859 982 tibi
877 925 983 983 merito
1001 923 1074 1001 fide3

361 1013 491 1087 Exaudi,
509 1031 633 1088 quaeso,
654 1006 659 1088 l
680 1014 710 1070 ct
728 1012 796 1071 fave
815 1013 927 1087 coeptis
946 1013 1033 1087 meis3

361 1101 426 1159 Hoc
445 1101 523 1177 qnod
542 1105 611 1176 peto
631 1118 650 1158 a
667 1104 711 1174 te,
730 1100 812 1177 diva,
831 1102 904 1158 mihi
926 1104 1047 1176 praesta
1064 1103 1180 1162 volens:

362 1189 493 1266 Herbas,
512 1208 701 1265 quascunque
720 1192 844 1264 generat
862 1189 1003 1249 maiestas
1022 1193 1088 1264 tua,

361 1277 474 1337 Salutis
493 1297 584 1338 cansa
600 1278 710 1336 tribuis
728 1278 841 1336 cunctis
859 1278 1013 1354 gentibus:

361 1367 447 1425 Hanc
464 1367 537 1424 mihi
556 1367 713 1442 permittas
732 1365 909 1425 medicinam
927 1370 1011 1425 tuam
1029 1402 1048 1429 υ
1065 1415 1094 1429 -.

362 1455 440 1515 Veni
458 1457 495 1513 ad
514 1475 561 1513 me
580 1474 647 1514 cnm
666 1455 725 1513 tuis
743 1454 907 1514 virtutibus
925 1490 944 1516 c
961 1477 993 1517 ,t

362 1543 498 1620 Quidque
518 1563 554 1602 ex
573 1543 619 1601 his
638 1545 747 1616 fecero,
766 1543 876 1602 habeat
894 1547 1035 1602 eventum
1052 1544 1177 1621 bonnm,

362 1631 476 1708 Cuique
495 1633 613 1691 easdem
633 1633 742 1691 dedero
762 1633 871 1708 quique
891 1633 1010 1691 easdem
1029 1651 1047 1690 a
1065 1652 1112 1691 me
1132 1634 1312 1709 acceperint,

361 1720 455 1782 Sanos
475 1723 592 1780 eosdem
611 1723 755 1796 praestes.
773 1739 851 1778 nunc
871 1720 940 1780 diva
959 1718 1092 1796 [postulo
1111 1719 1158 1796 ut]
1178 1723 1234 1781 hoc
1252 1723 1326 1781 mihi

360 1809 503 1869 Maiestas
521 1814 655 1885 praestet
673 1804 781 1889 (tua),
801 1809 880 1885 quod
898 1813 928 1868 tc
948 1811 1073 1886 supplex
1091 1829 1172 1886 rogo.

292 2035 373 2104 129.
506 2040 673 2100 Precatio
693 2040 845 2098 omnium
864 2042 1064 2102 herbarum.

361 2203 448 2260 Nunc
466 2221 519 2260 vos
538 2203 675 2275 potentes
694 2219 795 2259 omncs
814 2200 922 2259 herbas
941 2201 1091 2275 deprecor.

360 2291 459 2348 Exoro
477 2308 530 2348 vos
549 2289 796 2363 maiestatemque
814 2292 958 2362 vestram,
977 2308 1051 2365 quas

360 2379 473 2437 Parens
492 2379 583 2436 tellus
601 2377 758 2454 generavit
775 2430 792 2438 -
828 2431 845 2439 -
863 2430 880 2438 -
898 2412 917 2439 υ
934 2430 952 2439 -

360 2520 379 2531 .
395 2520 414 2529 -
432 2471 464 2526 et
480 2467 595 2526 cunctis
613 2465 752 2542 gentibus
771 2466 848 2524 dono
868 2465 961 2524 dedit:

360 2556 539 2615 Medicinam
558 2554 696 2614 sanitatis
714 2553 746 2611 in
763 2572 816 2614 vos
836 2554 963 2613 contulit

359 2645 620 2720 Maiestatemque,
638 2645 673 2701 ut
691 2644 771 2701 omni
789 2643 892 2719 generi
910 2698 927 2707 ,
944 2676 963 2704 υ
980 2694 998 2703 -

359 2733 500 2792 Humano
518 2733 584 2791 sitis
602 2732 747 2790 auxilium
765 2732 966 2791 utilissimum.

359 2823 423 2882 Hoc
441 2822 568 2898 supplex
586 2839 711 2896 exposco
729 2840 871 2897 preccrve
889 2815 986 2899 <vos>
1004 2856 1023 2881 υ
1041 2874 1055 2881 ..

358 2947 378 2974 υ
394 2912 453 2969 huc
471 2912 574 2969 adeste
592 2927 658 2967 cum
677 2911 786 2969 vestris
805 2911 980 2986 virtutibus3

361 3000 438 3070 Quia
456 3018 533 3076 quae
552 2998 677 3073 creavit,
695 2998 762 3074 ipsa
779 2999 917 3074 permisit
935 2998 1008 3056 mihi

360 3089 401 3147 Ut
419 3089 559 3164 colligam
577 3105 644 3164 vos,
661 3087 716 3146 hoc
734 3088 853 3147 favente
872 3087 975 3161 etiam,
996 3086 1041 3145 cni

358 3177 505 3236 Medicina
523 3177 636 3234 tradita
654 3178 712 3250 est,
732 3179 935 3253 quantumque
953 3178 1055 3235 vestra
1082 3228 1097 3235 -

360 3266 464 3325 Virtus
483 3270 596 3340 potest,
614 3268 769 3339 praestate
787 3265 964 3325 medicinam
983 3266 1105 3334 bonam,

360 3354 490 3413 Causam
509 3354 624 3413 salutis.
644 3353 787 3431 gratiam,
805 3372 921 3428 precor,
941 3354 1015 3413 mihi

201 3457 233 3504 lt
360 3444 525 3503 Praestctis
545 3463 598 3518 per
617 3443 760 3501 virtutem
779 3448 923 3520 vestram,
942 3446 977 3501 nt
995 3440 1130 3499 omnibus

290 3709 331 3757 1⁷.
349 3704 382 3756 tu
400 3703 437 3754 A:
455 3704 516 3755 tum
535 3701 627 3755 Bcn.
641 3732 677 3743 -
691 3718 755 3756 vere
773 3702 810 3755 A:
829 3717 878 3755 ver
896 3704 925 3755 et
944 3698 1004 3770 ΒΟ,
1027 3719 1092 3755 vero
1110 3698 1143 3754 D.
1161 3730 1192 3739 —
1210 3704 1250 3753 19.
1271 3699 1368 3765 regina

200 3774 255 3829 dea
272 3775 360 3839 codd„
377 3789 394 3825 ο
412 3773 548 3842 supplevit
563 3771 724 3827 Fridericus
737 3773 861 3840 Vollmer,
879 3789 912 3826 ac
927 3772 1014 3827 Riese.
1036 3803 1068 3812 -
1089 3777 1131 3827 20.
1151 3786 1252 3827 nomen
1272 3770 1366 3825 BOD:

198 3862 302 3899 numen
312 3847 344 3898 A.
360 3875 392 3884 -
409 3850 450 3897 22.
466 3844 554 3911 gratis
564 3844 717 3898 Baehrens.-
731 3844 837 3913 gratias
846 3846 870 3895 A
878 3842 898 3897 Ο
907 3844 939 3909 Ι),
953 3842 1078 3912 graciam
1088 3842 1119 3898 B.
1131 3873 1166 3881 -
1176 3847 1219 3897 25.
1234 3842 1366 3895 maiestas

198 3919 250 3970 tua
266 3918 439 3984 tranepoeait
456 3914 614 3968 Schneider.-
637 3915 687 3968 tua
710 3914 841 3968 maiestas
859 3916 935 3969 codd.
957 3945 989 3953 -
1009 3920 1051 3968 29.
1071 3914 1195 3983 quidque
1214 3914 1368 3969 Baehrens.-

199 3986 336 4056 quidquid
355 3988 432 4040 codd.
454 4016 484 4024 -
505 3991 548 4038 31.
567 3984 735 4053 eosdemque
753 3989 877 4054 praestes
900 3987 977 4040 codd.
997 3986 1161 4055 -postulo
1185 3987 1218 4037 nt
1238 3987 1368 4053 plcsaemc

198 4059 295 4114 deurit
312 4058 442 4112 Schmidt.
458 4088 490 4096 -
507 4063 549 4110 32.
567 4057 618 4108 tua
634 4059 724 4125 suppl.
743 4058 831 4123 Riese,
849 4073 899 4112 om.
919 4058 994 4111 codd.

288 4135 314 4183 2.
342 4143 426 4182 exoro
453 4128 685 4194 maiestatemque
713 4130 834 4182 vestram
859 4145 909 4183 voe
935 4144 1005 4197 quas
1028 4129 1103 4183 codd.
1110 4168 1119 4195 ,
1147 4127 1313 4195 transposui.
1333 4155 1366 4165 —

199 4206 224 4254 8.
243 4218 293 4255 vos
306 4201 443 4269 supplerit
456 4199 492 4252 F.
507 4198 629 4253 Vollmer.
647 4228 678 4236 —
694 4205 718 4253 9.
738 4199 835 4253 adeste
849 4202 877 4253 te
892 4199 926 4268 A,
941 4200 1068 4254 adestote
1083 4197 1175 4252 BCD.
1192 4229 1222 4238 -
1241 4202 1281 4252 10.
1301 4196 1367 4264 quia

198 4288 271 4340 quae
286 4272 440 4325 Baehrens.-
458 4286 569 4338 quaque
583 4268 614 4336 D,
634 4268 700 4336 qnia
715 4270 763 4337 qui
777 4274 800 4323 A
813 4272 834 4323 B
845 4269 873 4325 C.
891 4303 922 4311 -
938 4271 1044 4326 creavit
1057 4287 1106 4323 vos
1121 4270 1206 4335 coda,
1225 4283 1275 4322 vos
1290 4269 1367 4322 eiecit

198 4343 346 4398 Baehrens.
362 4372 395 4381 -
410 4341 470 4409 ipsa
488 4341 510 4393 B
521 4341 541 4395 C
552 4342 589 4405 D,
608 4338 668 4409 ipse
683 4340 715 4395 A.
731 4372 762 4379 -
785 4346 825 4395 11.
845 4342 986 4397 faventem
1005 4342 1042 4408 A,
1065 4342 1176 4395 favente
1196 4339 1248 4392 hoc
1266 4337 1289 4390 B
1301 4337 1321 4390 C
1333 4339 1364 4393 D.

197 4413 431 4495 &amputandam
450 4418 501 4479 eet,
520 4429 558 4466 an
577 4412 705 4465 favente?
719 4442 751 4450 -
768 4418 810 4466 14.
829 4414 958 4468 sanitatis
976 4415 1062 4479 codd,
1080 4410 1177 4465 salutis
1192 4409 1320 4465 Schmidt.
1333 4441 1365 4451 -

199 4491 241 4540 15,
261 4488 393 4539 virtutem
413 4481 510 4537 BCD:
527 4484 646 4536 tutelam
665 4482 697 4537 A.
