3150 5152
489 303 702 360 Incantamenta
720 305 832 375 magica
851 301 953 375 macca
971 304 1069 361 letina.
1304 305 1369 370 525

152 518 156 526 .
197 465 488 533 collaetaturos
513 464 629 552 κήτους.
667 468 775 534 ’.Αλλο
796 471 869 546 λέγε
894 471 1038 548 κατέχων
1060 471 1119 535 τὸν
1143 470 1287 548 λάρυγγα
1311 476 1369 535 τοῦ

199 556 394 730 πάεχονβτοθει
406 556 568 639 Blo'oror,‘
556 586 571 622 ο
587 555 697 641 μάρτυς
710 586 725 623 o
714 557 904 635 δαῦλοςτου
890 566 1000 640 θεοῦ,
1011 560 1100 644 λέγει
1115 557 1370 642 tessauriciate

198 673 349 729 ηκαταη

291 803 334 869 17
338 804 372 872 ὅ.
396 812 485 872 Maro.
496 811 580 870 XXV
592 815 641 872 13.
670 813 845 872 Remedium
856 815 893 872 ad
902 813 1034 873 nesciam
1045 815 1100 874 sic:
1113 814 1236 892 colliges
1246 815 1369 874 herbam

199 919 276 976 quae
290 901 399 960 dicitur
413 901 593 979 Britannice,
614 945 730 961 ......
751 903 803 961 sed
821 904 898 962 hanc
911 903 1044 977 herbam,
1063 907 1176 962 terram
1190 905 1260 962 dum
1275 907 1369 981 tenes,

199 993 360 1062 antequam
378 991 512 1067 colligas,
531 994 722 1066 praecantare
738 992 828 1051 debes
843 992 897 1052 sic:
918 985 1067 1051 ‘terram
1086 997 1203 1067 teneo,
1222 993 1368 1051 herbam

199 1078 294 1154 lego,
308 1078 344 1136 in
358 1079 503 1159 nomine
515 1078 666 1155 Christi,
684 1081 804 1156 prosit
820 1083 861 1140 ad
876 1081 969 1157 quod
985 1085 1019 1139 te
1033 1075 1191 1158 colligo'
1210 1081 1368 1140 medicina-

198 1166 277 1225 libus
285 1166 389 1244 digitis
398 1187 463 1227 eam
472 1169 534 1227 sine
543 1169 621 1227 ferro
630 1170 781 1244 praecides
790 1170 969 1230 antevelles
982 1162 1031 1250 (of.
1041 1188 1163 1245 suprap
1172 1172 1273 1229 49811.
1283 1163 1370 1250 109.)

289 1336 426 1407 171111
398 1345 498 1447 Atque
525 1347 587 1405 fort
574 1349 654 1406 tasse
683 1346 774 1406 etiam
802 1347 934 1406 Iustinus
961 1347 1078 1424 Martyr
1107 1338 1191 1426 (dial.
1213 1365 1236 1405 ο.
1256 1347 1369 1423 T1yph.

198 1435 305 1509 [1182
317 1428 370 1514 M.)
390 1435 545 1510 antiquam
564 1436 717 1511 exprimit
721 1436 882 1495 formulam
902 1437 1086 1495 exorcizandi
1099 1436 1146 1495 his
1160 1437 1272 1496 verbis:
1290 1433 1370 1494 κατὰ

199 1519 260 1596 γὰρ
279 1523 336 1582 τοῦ
356 1519 514 1597 ὀνόματα(
538 1519 777 1594 αὐτοῦἐτούτου
801 1525 858 1590 τοῦ
877 1520 958 1585 Υῑοῦ
984 1526 1041 1584 rod
1061 1522 1146 1584 Θεοῦ
1169 1521 1220 1584 καὶ
1244 1540 1370 1598 πρωτο-

199 1607 296 1671 τόκου
315 1607 414 1685 ττάεητ
433 1609 560 1672 κτίεεωε
579 1611 630 1672 καὶ
649 1611 700 1672 oid
718 1611 889 1688 Παρθένου
914 1611 1126 1688 γεννηθέντοε
1149 1610 1200 1672 καὶ
1225 1614 1370 1686 παθητοῦ

200 1698 377 1774 γενομένου
397 1696 570 1775 ἀνθρώπου
590 1699 640 1762 καὶ
660 1701 896 1776 εταυρωθέντοε
916 1700 968 1762 ἐπὶ
986 1698 1128 1762 Ποντίου
1143 1697 1287 1762 Πιλάτου
1306 1697 1370 1760 ὑπὸ

199 1789 257 1848 τοῦ
281 1789 362 1848 λαοῦ
386 1786 474 1863 ὑμῶν
502 1788 552 1850 καὶ
576 1785 799 1852 ἀποθανόντοε
824 1789 873 1851 καὶ
897 1786 1092 1851 ἀναετάντοε
1116 1789 1151 1850 ἐκ
1175 1789 1297 1864 νεκρῶν
1322 1787 1372 1849 καὶ

200 1873 379 1953 ἀναβάντα(
399 1875 443 1938 εἰ(
462 1876 520 1939 τὸν
544 1875 685 1953 οὐρανὸν
708 1880 773 1959 πᾶν
797 1876 962 1955 δαιμόνιον
986 1875 1226 1955 ἐξορκτζόμενον
1249 1878 1371 1938 νικᾶται

200 1983 251 2025 κατ
270 1983 484 2027 υποταεεετατ.

288 2127 388 2186 Unum
408 2131 585 2206 exemplum,
604 2131 652 2189 oui
670 2131 780 2190 similia
798 2131 948 2205 permulta
966 2129 1079 2188 tradita
1097 2133 1176 2205 sunt,
1196 2129 1283 2188 affert

292 2210 370 2278 177.
394 2219 536 2277 Nicolaus
552 2220 708 2295 Myrepsus
722 2219 739 2278 I
753 2221 816 2278 405
838 2210 895 2299 (=
911 2219 997 2278 Febr.
1010 2218 1086 2277 XIII
1099 2239 1127 2294 p.
1139 2215 1182 2298 8).
1211 2218 1369 2276 Adiuratio

200 2307 238 2364 ad
251 2307 432 2381 profluvium
448 2308 602 2383 sanguinis
617 2310 735 2366 narium
750 2326 857 2366 sonans
871 2307 903 2364 in
917 2308 996 2365 hunc
1010 2308 1143 2366 modum:
1163 2301 1214 2364 ‘In
1229 2307 1372 2366 nomine

200 2397 317 2469 patris
342 2398 376 2453 et
398 2395 474 2452 filii
502 2400 536 2453 et
564 2396 681 2454 sancti
705 2397 871 2470 spiritus,
897 2389 1027 2453 Amen?
1060 2395 1150 2453 debet
1177 2399 1292 2472 autem,
1321 2397 1372 2470 qui

201 2484 335 2542 dicturus
355 2487 400 2542 cst
414 2484 632 2543 adiurationem
647 2486 731 2561 hano,
750 2486 781 2543 in
795 2503 884 2542 manu
900 2501 954 2542 sua
967 2484 1096 2542 retinere
1111 2485 1242 2558 lapidem
1256 2484 1372 2558 iaspida

200 2576 253 2629 aut
272 2572 400 2647 lapidem
420 2574 611 2632 haematitem
631 2575 722 2632 etsie
741 2574 851 2631 dicere:
877 2565 930 2644 ‘sle
947 2566 1002 2649 τὴν
1020 2571 1115 2650 κρίσιν
1133 2565 1187 2649 τὴν
1204 2567 1315 2631 dileco
1334 2563 1372 2651 (1)

200 2661 226 2719 εἰ
245 2656 276 2719 δὲ
296 2660 326 2720 οἶ
342 2654 493 2740 ἆττοὲβαδοι
511 2660 560 2722 καὶ
578 2662 609 2722 ol
625 2654 777 2740 ἆττοῖβαόες
795 2658 844 2721 καὶ
864 2660 895 2721 οἱ
909 2655 997 2722 τόκον
1016 2655 1213 2739 λαμβάνοντες
1237 2664 1273 2719 et
1292 2680 1370 2719 eru·

201 2751 395 2825 diligentes
416 2751 603 2811 Dominum
626 2762 790 2827 nostrum
812 2751 934 2809 Iesum
953 2749 1150 2828 Christum,
1176 2752 1266 2810 siste
1291 2769 1372 2808 san-

201 2833 365 2915 guinem?
401 2841 440 2898 Et
463 2842 688 2920 apprehendens
712 2840 862 2916 incapite
886 2840 1071 2916 aegrotantis
1096 2840 1219 2915 capillos
1245 2839 1292 2898 dic
1314 2843 1369 2898 ter.

201 2928 277 2986 Dein
287 2947 362 3003 poue
372 2929 518 3006 iaspidem
527 2932 558 2988 in
568 2949 654 2989 nares
670 2931 847 3006 sanguinem
862 2929 1046 2988 effundentes
1062 2932 1152 3005 atque
1167 2929 1226 2988 dic:
1240 2922 1372 2987 ‘Credo

200 3018 361 3074 inunum
380 3021 520 3092 patrem
541 3012 839 3095 omnipotentem'
863 3021 893 3076 et
912 3012 1037 3076 ‘Pater
1056 3021 1180 3076 noster
1204 3017 1318 3092 quies
1338 3017 1373 3074 in

201 3100 330 3163 coelis'
345 3111 376 3163 et
385 3101 479 3167 fAve
494 3102 675 3182 gratiosa'
691 3127 786 3184 usque
800 3106 838 3166 ad
852 3106 941 3165 finem
955 3106 1044 3181 idque
1059 3109 1114 3165 ter.
1142 3105 1216 3164 Post
1229 3105 1372 3164 haecdic:

202 3189 285 3251 ‘Per
303 3213 428 3252 nomen
447 3216 612 3272 magnum
631 3197 687 3256 dei
707 3195 965 3271 omnipotentis
984 3196 1163 3270 propheta
1177 3195 1372 3254 Zacharias

201 3283 237 3339 in
256 3285 389 3358 templo
409 3283 544 3343 domini
562 3305 580 3343 a
598 3287 689 3345 viris
709 3285 846 3360 iniquis
865 3283 1070 3343 trucidatus
1096 3287 1203 3343 estet
1223 3285 1373 3358 sanguis

202 3372 277 3429 eius
302 3377 482 3449 tamquam
512 3375 606 3449 lapis
635 3373 834 3450 concrevit,
863 3373 913 3431 sic
941 3375 977 3431 et
1003 3376 1087 3430 tuus
1116 3374 1265 3447 sanguis
1294 3391 1373 3430 con-

202 3465 343 3519 crescat
362 3465 397 3518 et
422 3463 514 3520 sista
519 3468 578 3521 tur
601 3483 664 3539 per
687 3483 828 3522 servum
853 3462 915 3520 dei.
959 3462 1095 3518 Adiuro
1118 3465 1154 3519 te
1176 3480 1241 3537 per
1264 3461 1373 3519 fidem

202 3549 400 3608 Veronicae
421 3553 633 3626 sanguinem
651 3573 693 3611 ne
712 3552 865 3628 amplius
886 3550 1016 3609 stilles.
1050 3548 1090 3608 St
1077 3553 1132 3608 tes
1152 3551 1277 3624 probe,
1296 3552 1372 3608 stes

202 3657 277 3696 cum
296 3638 435 3697 timore
468 3636 604 3701 Amen'
627 3641 683 3701 hoc
702 3641 749 3700 dre
767 3646 822 3699 ter
863 3712 867 3719 Ι

567 3859 660 3916 XIII.
689 3848 815 3929 Ἐφέεια
833 3849 1008 3927 γράμματα.

291 3995 426 4073 Denique
445 3998 531 4058 venio
551 3998 588 4056 ad
607 3998 660 4055 illa
678 3998 909 4073 incantamenta,
928 4013 1005 4070 quae
1019 3995 1111 4068 vulgo
1129 3987 1256 4069 Ἐφέετα
1275 3988 1373 4066 γράμ-

203 4101 285 4157 ματα
303 4090 460 4162 vocantur,
490 4087 653 4162 dequibus
677 4105 755 4144 nunc
778 4087 888 4162 optime
914 4084 1035 4159 scripsit
1052 4082 1177 4143 Carolus
1196 4075 1375 4160 Wessely1),

202 4174 289 4232 homo
308 4175 339 4231 in
358 4175 405 4233 his
425 4176 515 4235 rebus
533 4175 766 4250 versatissimus,
785 4178 816 4234 et
835 4175 935 4233 omnia
949 4175 1094 4249 quantum
1108 4172 1208 4248 potuit
1222 4191 1238 4230 e
1252 4171 1374 4247 papyris

294 4345 351 4412 1)Ι
354 4363 370 4397 n
394 4362 485 4414 progr.
511 4344 609 4414 Gymn.
634 4346 730 4398 Franc.
754 4344 898 4414 Iosephini
918 4343 1100 4397 Vindobonae
1121 4347 1203 4407 1886,
1228 4339 1261 4394 ef.
1287 4338 1376 4394 Orusii

203 4414 390 4469 recensionem
403 4416 598 4471 huiuslibriin
610 4416 821 4470 1Ποο1ταττοο1ττ.
832 4415 851 4470 f.
863 4417 942 4469 class.
954 4412 1123 4482 Philologie’
1138 4417 1247 4480 1888p.
1261 4418 1375 4480 1092sq.

203 4485 232 4537 et
250 4484 332 4554 Kopp
354 4486 496 4556 ‘Beitrdge
515 4507 563 4541 zur
581 4487 685 4557 griech.
706 4488 827 4556 Excerpt
816 4486 898 4541 tenlit
899 4485 1017 4539 teratur'
1038 4502 1064 4552 p.
1081 4488 1123 4537 66.

255 4584 334 4624 Jahrb.
349 4584 364 4623 f.
380 4587 446 4625 cluss.
464 4587 544 4626 Phllol.
569 4587 646 4636 Suppl.
661 4588 703 4626 Bd.
719 4587 783 4626 XIX.
1128 4577 1164 4624 34
