3150 5152
442 293 655 348 Incantamenta
674 293 784 363 magica
802 309 902 363 graece
920 293 1018 350 latina.
1250 295 1313 358 56Ῑ

235 481 263 535 p.
280 463 351 520 529.
380 461 538 536 Inscriptio
557 463 650 534 tusca,
670 480 759 536 quam
779 481 813 520 ex
833 460 926 521 Orelli
945 463 1061 539 sylloge
1080 454 1197 544 (1384)
1217 465 1315 541 attuli,

145 550 223 609 falsa
242 554 302 627 est,
329 552 364 608 ut
388 550 517 610 Skutsch
540 568 588 608 me
612 550 767 609 certiorem
791 551 876 629 fenit;
904 551 940 610 cf.
961 550 1087 612 Corssen
1112 546 1280 610 ‘Etr-usler’
1301 553 1315 610 I

145 660 173 715 p.
189 641 238 698 49.

236 767 263 821 p.
281 747 341 804 541
363 766 406 805 nr.
424 747 496 804 235.
524 745 665 804 Laminae
684 746 765 803 illius
783 747 936 821 inscriptio
954 765 1011 805 non
1031 750 1077 806 est
1090 748 1196 824 lingua
1210 748 1315 807 celtica

150 836 322 912 composita,
338 836 390 895 sed
404 835 495 895 verba
508 835 604 893 latina
618 838 648 893 et
662 853 778 911 graeca,
793 839 828 893 ut
842 835 1022 894 Albrechtus
1037 836 1187 895 Dieterioh
1203 838 1314 896 amicus

148 927 271 984 comiter
288 943 403 983 mecum
423 925 660 1000 communicavit,
679 925 772 982 mixta
791 928 860 982 sunt
879 927 970 984 etsie
989 925 1128 1000 legende:

193 1029 238 1104 δὶς
252 1025 296 1114 (l)
315 1026 487 1109 κενταύριον
510 1023 676 1111 ἀναλάβῃς,
700 1028 745 1102 δὶς
760 1025 802 1111 (3)
825 1024 996 1108 κενταύριον
1020 1029 1069 1090 καὶ
1083 1024 1127 1113 (3)
1150 1026 1314 1112 ἀναλάβῃς,

192 1119 237 1193 δὶς
250 1116 296 1202 (l)
314 1114 486 1197 κενταύριον
504 1111 667 1199 καταλύξῃς
682 1117 738 1196 [=
753 1113 946 1199 καταλλιῖξῃς]
967 1121 1037 1180 vim
1056 1123 1231 1197 caninam,
1246 1122 1315 1181 vim

191 1214 393 1288 paternam,
425 1213 482 1269 ast
509 1216 625 1268 amast
652 1214 772 1268 arsset
800 1213 838 1268 ut
866 1203 951 1287 a<d>
979 1214 1012 1268 te
1040 1210 1184 1270 Iustina
1213 1231 1315 1287 quem

191 1301 336 1375 peperit
355 1299 472 1358 Sarra.

149 1406 296 1465 Tabulam
315 1406 351 1464 ad
370 1407 498 1480 magiam
520 1405 694 1464 amatoriam
709 1408 884 1481 usurpatam
899 1423 963 1464 esse
977 1411 1109 1481 apparet,
1128 1403 1315 1479 κενταύριον

148 1495 225 1554 enim
241 1501 287 1554 est
301 1495 395 1552 herba
408 1495 440 1552 in
454 1495 562 1552 ritibus
577 1494 702 1569 magicis
717 1513 806 1569 saepe
821 1495 968 1570 adhibita3
983 1496 1018 1553 cf.
1033 1496 1118 1553 Lucr.
1133 1494 1176 1553 IV
1194 1497 1315 1570 122sq.,

148 1585 258 1644 Lucan.
272 1584 312 1642 IX
331 1586 403 1660 918,
422 1583 497 1642 Plin.
513 1583 596 1640 XXV
612 1585 661 1642 66.
678 1582 797 1640 -BIS
814 1587 860 1642 ter
874 1584 1034 1657 repetitum
1049 1585 1119 1659 quid
1134 1584 1182 1656 sit,
1201 1585 1312 1641 clarum

147 1693 207 1733 non
221 1679 275 1731 est.
290 1703 331 1712 -
347 1667 517 1749 ἀναλάβῃς,
537 1673 615 1748 quod
630 1673 759 1731 fortasse
774 1673 863 1731 etiam
883 1675 972 1730 tertio
989 1674 1053 1731 loco
1069 1691 1123 1747 pro
1137 1667 1315 1749 καταλάξῃς

148 1761 310 1838 legendum
321 1768 375 1836 est,
385 1762 416 1819 in
427 1762 562 1820 formulis
574 1761 696 1837 magicis
710 1762 871 1837 invenitur,
885 1761 951 1819 vide
962 1762 1032 1836 Pap.
1043 1761 1110 1821 Par.
1121 1762 1165 1820 ed.
1176 1760 1315 1836 Wessely

148 1872 176 1910 v.
193 1852 277 1910 1316
294 1854 348 1909 etc.
358 1881 403 1891 -
418 1844 488 1909 ‘ast'
500 1876 541 1897 =
553 1855 584 1908 at
598 1850 678 1908 haud
693 1870 795 1908 rarum
810 1852 856 1909 est
870 1851 901 1908 in
915 1850 1186 1927 deprecationibus3
1202 1851 1237 1909 cf.
1249 1850 1315 1908 Ter.

150 1941 240 1999 Andr.
257 1942 329 1999 666.
349 1944 380 1998 at
398 1942 448 1999 titt
467 1941 497 1998 e·
516 1941 635 2013 αι’ρκκικ
652 1942 739 2012 factis
758 1941 875 1998 exitium
893 1941 984 2006 duint,
1005 1943 1035 1998 et
1052 1938 1182 2014 Spengel
1197 1958 1222 1998 a.
1237 1939 1256 1998 l.
1275 1970 1312 1979 -

149 2021 268 2089 ‘amast'
284 2053 325 2075 =
341 2029 477 2104 amassit3
502 2029 537 2087 cf.
557 2028 654 2086 Plaut.
675 2026 740 2087 Cas.
756 2028 784 2085 V
798 2031 831 2100 4,
848 2030 903 2102 23,
927 2028 1033 2087 Pseud.
1049 2030 1122 2088 499.
1137 2059 1180 2069 -
1196 2022 1315 2086 ‘arsset'

149 2119 273 2177 avorbo
293 2118 417 2176 ardendi
440 2118 601 2176 formatum
621 2121 679 2192 est,
703 2120 737 2175 ut
757 2117 853 2175 dixem
873 2118 970 2176 farem
989 2121 1057 2189 ete,
1081 2118 1116 2176 cf.
1137 2117 1216 2176 Stolz
1236 2111 1315 2175 ‘Lat

148 2200 260 2266 Gram'
267 2198 279 2235 ²
299 2205 318 2281 ᾗ
337 2208 397 2264 112
414 2211 444 2265 et
457 2206 610 2264 Luebbert
627 2200 797 2283 ‘Beitraege
813 2226 864 2264 zur
880 2206 1022 2281 Tempus·
1038 2206 1099 2263 und
1114 2199 1315 2265 Moduslehre'

147 2297 250 2356 1102.
268 2327 306 2336 -
324 2296 370 2353 Ad
395 2295 573 2353 sententiam
599 2289 707 2352 ‘areset
728 2299 764 2352 ut
787 2296 825 2352 ad
848 2289 908 2352 me'
931 2296 1109 2354 conferenda
1132 2298 1202 2354 sunt
1225 2297 1316 2355 verba

147 2386 221 2461 Pap.
236 2385 303 2445 Par.
318 2405 345 2443 v.
359 2385 442 2443 1808
457 2379 510 2442 ἵνα
525 2399 561 2456 με
577 2382 664 2461 φιλῇ,
677 2378 731 2442 ἵνα
746 2399 807 2456 μου
822 2380 880 2460 ἐρᾷ
894 2403 932 2440 m.
947 2402 973 2442 e.
984 2414 1027 2423 -
1039 2377 1150 2460 ‘quem'
1161 2403 1316 2459 ==.quam;

148 2494 184 2533 ex
207 2476 262 2532 hac
291 2474 388 2531 forma
415 2473 557 2530 laminam
580 2473 608 2528 in
634 2471 733 2529 Gallia
762 2475 860 2530 aetate
889 2473 1054 2546 posteriore
1083 2474 1223 2547 scriptam
1251 2491 1316 2531 esse

148 2565 258 2638 elucet3
278 2555 359 2637 ‘que'
375 2562 461 2636 enim,
482 2561 746 2636 Franoogallorum
760 2560 927 2634 relativum,
947 2562 1074 2619 eforme
1092 2554 1201 2638 ‘quem'
1218 2564 1316 2620 ortum

148 2658 206 2726 est3
227 2653 263 2711 cf.
284 2651 470 2709 Schuchardt
488 2645 688 2709 ‘Vocalismus
708 2650 758 2709 des
777 2643 1014 2725 Vulgtrlateins'
1034 2650 1050 2708 I
1067 2653 1137 2711 199.

237 2741 329 2798 Aliud
347 2740 515 2816 exemplum
539 2740 629 2798 huius
652 2758 724 2798 usus
747 2738 840 2798 verba
863 2758 970 2815 graeca
993 2744 1023 2797 et
1046 2740 1141 2799 latine
1165 2739 1317 2814 miscendi,

148 2831 201 2906 qui
219 2848 278 2888 non
296 2848 364 2888 raro
383 2828 547 2904 invenitur,
571 2848 666 2904 nuper
685 2828 798 2887 editum
818 2831 864 2886 est
886 2829 918 2886 in
937 2822 1127 2888 ‘Collections
1151 2829 1192 2886 du
1215 2833 1316 2887 musto

148 2919 266 2977 Alaon‘u
280 2918 296 2976 I
310 2937 367 2977 scr.
388 2919 406 2977 5
421 2911 501 2977 livr.'
522 2920 614 2977 1890.

237 3045 266 3100 p.
286 3026 348 3084 542
372 3043 416 3082 nr.
438 3025 500 3084 238
530 3027 560 3083 et
590 3025 661 3084 239.
714 3023 777 3082 Hes
809 3023 1018 3098 inscriptiones
1050 3025 1253 3083 Froehnerum
1286 3028 1317 3082 et

150 3113 434 3189 Schlumbergerum
453 3114 542 3187 plene
560 3133 619 3172 non
638 3112 820 3171 intellexisse
834 3111 986 3170 Dieterich
1005 3112 1078 3170 mihi
1098 3112 1225 3188 scripsit,
1244 3113 1317 3172 haec

148 3204 224 3262 enim
250 3203 382 3261 amuleta
397 3221 424 3260 -κ
452 3202 596 3277 gnosticis
624 3202 675 3277 qui
703 3204 847 3260 vocantur
869 3200 1026 3259 Kainiticis
1054 3201 1125 3260 ficta
1153 3204 1234 3278 sunt3
1265 3204 1316 3279 qui

147 3287 281 3365 ὑςτέραν
300 3292 463 3361 coluerunt,
484 3291 518 3349 cl.
537 3291 678 3348 Irenaeus
693 3289 707 3346 I
723 3291 778 3361 31,
797 3293 823 3348 1.
860 3290 1019 3364 Hpslcrcm
1042 3294 1137 3349 autem
1160 3292 1315 3362 fabricato·

148 3398 209 3440 rem
232 3381 303 3439 cccli
326 3385 351 3438 et
374 3385 467 3438 terroe
489 3384 592 3438 cocant
614 3381 668 3438 etc.
711 3378 759 3436 Ad
782 3379 874 3437 verba
898 3373 1025 3451 δράκων
1053 3375 1211 3453 ἐςυρίζηςε
1232 3381 1316 3440 ..ct

149 3470 298 3529 Dieterich
322 3462 480 3527 ‘Abraxas’
501 3490 529 3544 p.
545 3471 595 3527 23.

237 3597 266 3651 p.
282 3577 345 3634 542
364 3594 407 3634 nr.
419 3577 491 3635 240.
525 3575 708 3633 Friedericus
723 3573 858 3634 Vollmer
874 3574 915 3633 sio
930 3574 1147 3633 emendandum
1161 3576 1318 3650 proposuit

148 3667 266 3724 initium
285 3664 419 3723 tabulae:
443 3663 519 3724 Θεοῦ
538 3657 610 3722 τόδ’
629 3660 720 3737 ἕρκος
739 3657 849 3738 ἀλωὴν
872 3658 991 3736 νόμιζε,
1019 3661 1126 3738 βοήθει
1148 3659 1244 3723 ἵλεως
1264 3710 1270 3724 .
1287 3709 1315 3723 ..

130 3798 134 3805 .
237 3754 271 3811 ln
290 3753 369 3811 hunc
387 3753 587 3812 amuletorum
606 3772 779 3830 numerum,
798 3771 924 3828 quorum
945 3753 1080 3828 exempla
1099 3753 1194 3811 multo
1213 3755 1317 3830 augeri

148 3847 287 3920 possunt,
309 3842 479 3918 recipienda
502 3845 549 3900 est
571 3841 725 3919 inscriptio
749 3842 857 3918 lapidis
880 3841 1017 3901 achatae:
1046 3839 1140 3901 Κλῦθι
1162 3858 1214 3914 μοι
1238 3836 1257 3901 ὁ
1281 3838 1317 3901 ἐν

148 3926 354 3992 Λεοντωπόλι
372 3929 431 4004 τὴν
449 3926 610 3990 κατοικίαν
629 3928 875 4004 κεκληρωμένοι,
895 3924 913 3988 ὁ
933 3927 968 3989 ἐν
988 3931 1033 4010 τῷ
1053 3925 1133 4009 ἁγίιμ
1153 3932 1236 4008 ςηκῷ
1253 3928 1315 3990 ἑνι-

148 4019 311 4095 ὸρυμένος,
327 4014 345 4078 ὁ
360 4014 548 4094 ἀςτράπτων
564 4017 613 4078 καὶ
630 4019 773 4094 βροντῶν
788 4016 838 4078 καὶ
852 4015 979 4093 γνόφου
994 4016 1045 4078 καὶ
1059 4015 1187 4093 ἀνέμων
1201 4016 1316 4094 κύριος,

149 4105 167 4169 ὸ
186 4107 244 4184 τὴν
263 4103 451 4183 ἑνουράνιον
469 4110 525 4183 τῆς
544 4104 675 4168 αἰωνίου
696 4106 821 4184 φύςεως
840 4106 1079 4182 κεκληρωμένος
1104 4102 1254 4183 ἀνάγκην.
1275 4140 1316 4149 -

149 4195 190 4259 (o
205 4192 237 4257 τ’
256 4193 274 4257 ὁ
293 4195 477 4273 ταχύεργος,
497 4193 668 4273 ὁέπήκοος
689 4194 771 4272 θεός,
791 4193 809 4256 ὁ
829 4193 1045 4271 μεγαλόδοξος
1065 4192 1316 4272 λεοντόμορφος.

147 4282 273 4361 Ὄνομα
293 4303 340 4347 ςοι
359 4334 365 4347 .

147 4377 183 4435 cl.
206 4377 359 4436 Froehner
383 4370 552 4451 ‘Melangcs
576 4375 777 4451 d'tpigraphie
807 4379 837 4433 et
860 4368 1087 4450 d’archeologie'
1112 4375 1196 4434 Paris
1222 4377 1316 4436 1873.

147 4486 175 4541 p.
194 4468 208 4524 1
230 4485 275 4527 nr.
290 4465 312 4525 I.
342 4466 378 4524 of.
397 4466 435 4526 ib.
454 4469 517 4542 pe
537 4486 580 4525 nr.
597 4464 626 4523 ΙΙ
645 4469 675 4524 et
693 4485 721 4540 p.
736 4467 777 4524 52
797 4484 840 4523 nr.
856 4463 935 4523 XVI.
