3120 5174
483 298 695 352 lncantamcnta
713 295 824 366 magica
841 313 943 367 graeca
961 297 1058 351 latina.
1293 296 1359 359 519

190 467 375 526 econtrario
395 465 524 541 oppositi
544 469 624 525 sunt.
664 466 739 524 Item
764 466 1014 524 medicamentum
1037 466 1122 525 Alex.
1147 466 1292 524 Tralliani
1315 456 1361 545 (Π

189 576 217 631 p.
233 547 313 636 581)
333 559 436 615 contra
454 556 626 631 podagram,
645 555 771 614 Homeri
788 573 905 615 versus:

367 660 512 736 τετρήχει
535 657 567 720 b'
590 656 700 736 ἀγορή,
724 657 787 721 ὑπὸ
811 655 843 719 δ’
867 656 1086 734 έ(τοναχίῑετο
1109 661 1186 733 γαῖα

191 773 221 829 et
240 769 362 828 morbus
381 769 469 844 plane
488 769 638 827 contraria
661 770 744 843 sunt3
767 767 817 827 vix
840 768 919 825 enim
937 768 989 843 qui
1008 787 1043 826 err
1062 767 1188 843 pedibus
1211 768 1359 844 laborant,

192 858 314 934 impune
333 858 451 916 efficere
469 862 621 934 conentur,
645 863 679 915 ut
701 859 785 915 terra
807 859 916 930 crepet.
959 857 1092 915 Eandem
1115 856 1152 914 ob
1176 874 1296 914 causam
1316 849 1359 938 (Ἃ

191 939 368 1028 contrario')
392 947 543 1024 podagrae
567 946 719 1006 doloribus
743 945 868 1004 cruciati
889 945 1031 1004 iubentur
1053 946 1163 1021 pellem
1182 945 1275 1021 cerri,
1299 945 1359 1004 ani-

191 1037 278 1096 malis
301 1036 426 1111 pedibus
454 1035 601 1094 celerrimi
625 1038 655 1093 et
682 1033 895 1108 robustissimi,
923 1034 1004 1109 parti
1028 1037 1168 1107 aegrotae
1191 1034 1360 1111 adpendere

192 1119 327 1204 (Lucian.
342 1125 470 1199 philops.
480 1143 504 1182 ο.
514 1117 597 1205 VII).
630 1123 817 1201 Quamquam
831 1122 981 1182 Lucienus
995 1123 1072 1182 hanc
1086 1141 1205 1181 causam
1220 1123 1360 1182 inrisum

191 1218 308 1273 vertere
326 1214 456 1288 videtur,
479 1217 580 1271 tamen
597 1232 657 1271 non
676 1213 789 1287 dubito,
813 1212 885 1286 quin
903 1211 1114 1271 homunciones
1132 1212 1243 1270 talibus
1263 1213 1360 1270 causis

194 1304 231 1361 ad
249 1303 390 1361 ridiculae
409 1320 458 1360 res
477 1301 617 1361 commoti
635 1302 703 1360 sint.

280 1391 382 1450 Etiam
400 1391 468 1450 aliis
486 1391 592 1466 poetis,
615 1394 769 1465 tamquam
793 1390 914 1449 vatibus
939 1390 1041 1465 saeris,
1063 1389 1181 1462 magica
1203 1389 1249 1448 vis
1268 1388 1361 1447 adtri-

193 1480 356 1554 bucbatur,
389 1483 423 1539 ut
448 1479 608 1555 Sophocles
635 1498 750 1555 paeana
779 1479 817 1537 ad
841 1478 1054 1552 Aesculapium
1082 1478 1228 1536 cantando
1256 1482 1362 1536 ventos

192 1571 347 1645 mitigasse
366 1569 510 1642 traditur;
535 1569 571 1627 cf.
589 1568 762 1628 Philostrat.
781 1568 834 1627 vit.
853 1568 951 1642 Apoll.
967 1567 1043 1626 VIII
1064 1569 1092 1643 7,
1107 1568 1148 1625 28
1177 1562 1361 1639 ἐνθυμηθεὶ(

192 1656 250 1732 μὲν
274 1653 477 1730 Δημόκριτον
501 1653 760 1730 {recorporare
788 1656 900 1728 λοιμοῦ
925 1649 1120 1729 Ἀβδηρίταε,
1149 1651 1302 1729 έννοή(α(
1325 1651 1360 1713 δὲ

194 1744 361 1821 (οφοκλέα
380 1743 438 1806 τὸν
452 1740 630 1820 Ἀθηναῖον,
650 1743 685 1805 ὃ(
705 1743 831 1816 λέγεται
850 1741 901 1804 καὶ
920 1739 1057 1818 ἀνέμου(
1076 1742 1182 1804 θέλξαι
1200 1745 1256 1817 τῆ(
1275 1739 1361 1816 ὥρα(

192 1832 480 1911 ὑπερπνεύεανταε,
499 1830 644 1908 ἀκηκοὼ(
663 1831 698 1893 δὲ
717 1831 757 1893 τὰ
771 1829 1019 1908 Ἐμπεδοκλέου(
1038 1830 1074 1892 ὃ(
1089 1829 1228 1906 νεφέλη(
1247 1826 1360 1905 ἀνέεχε

194 1921 301 1998 φορὰν
324 1918 378 1983 ἐπ’
397 1919 661 1998 Ἀκραγαντίνου(
684 1919 828 1997 ῥαγείεη(
900 1923 937 1981 cf.
954 1923 992 1982 ib.
1008 1922 1055 1980 ΙΙΙ
1071 1925 1121 1998 17,
1141 1922 1281 1981 Philostr.
1300 1921 1361 1980 iun.

193 2014 288 2088 Imag.
306 2016 344 2073 13
365 2035 394 2090 p.
410 2015 472 2073 659
497 2013 541 2071 ed.
560 2012 679 2088 Iaeobs,
707 2011 847 2070 Weloker
869 2006 992 2069 ‘Kleine
1016 2003 1180 2069 Schriften'
1198 2010 1244 2069 Ill
1266 2031 1295 2084 p.
1311 2013 1361 2083 59,

193 2103 297 2161 Liban.
312 2102 396 2175 epist.
413 2104 512 2176 1139,
530 2105 621 2178 atque
635 2102 707 2160 item
723 2101 832 2159 Thales
846 2101 896 2158 rel
910 2099 1054 2158 Thaletas
1067 2103 1183 2176 pestem
1197 2099 1361 2174 paeanibus

193 2192 230 2248 ad
245 2191 414 2265 Apollinem
433 2192 549 2249 sanavit
564 2182 731 2271 (Plutarch.
751 2189 787 2246 de
802 2189 916 2247 musica
931 2191 983 2264 32,
1000 2188 1119 2248 Pausi
1136 2190 1185 2264 14,
1201 2190 1230 2263 3,
1248 2187 1313 2246 Ael.
1334 2209 1361 2247 ν.

192 2281 262 2339 hist.
281 2279 341 2338 XII
355 2282 406 2354 50,
425 2279 565 2337 Weloker
582 2280 601 2337 l.
617 2298 640 2337 ο.
659 2279 706 2337 ΠΙ
724 2299 752 2352 p.
768 2279 820 2355 39,
834 2269 900 2357 40).

281 2420 383 2478 Unum
396 2422 494 2478 locum
504 2419 637 2491 Luciani,
652 2420 703 2494 qui
716 2418 841 2493 praebet
852 2418 1115 2494 incantamentum,
1130 2418 1231 2476 afferri
1241 2437 1362 2477 necesse

193 2513 252 2587 est,
279 2510 454 2586 priusquam
477 2510 514 2566 ad
537 2507 716 2584 Vergilium,
746 2507 948 2566 Romanorum
973 2507 1150 2584 Homerum,
1178 2507 1361 2566 accedamus.

194 2591 294 2679 (Alex.
309 2616 361 2657 seu
379 2598 585 2674 pseudomant.
599 2616 622 2656 ο.
639 2588 704 2677 36.)
737 2596 906 2654 Alexander
921 2595 1181 2672 Abpnotichensis,
1198 2595 1361 2655 famosissi-

192 2707 258 2745 mus
281 2687 333 2746 ille
351 2688 577 2763 praestigiator,
604 2686 777 2746 civitatibus
795 2685 942 2760 praedixit
965 2683 1152 2760 pestilentias
1177 2687 1208 2744 et
1225 2685 1362 2743 incendia

193 2779 224 2835 et
241 2779 342 2835 terrae
360 2779 460 2836 motus
479 2779 509 2835 et
528 2776 662 2834 homines
684 2775 814 2851 monuit,
839 2777 875 2832 ut
899 2777 1047 2851 caverent,
1069 2775 1267 2851 promisitque
1290 2773 1360 2850 illis,

191 2885 228 2924 ne
243 2865 314 2942 quid
328 2865 389 2924 tale
403 2866 496 2943 fieret,
510 2864 609 2923 valide
624 2884 655 2923 se
670 2868 843 2924 curaturum
857 2882 930 2922 esse.

283 2946 364 3016 159.
386 2949 464 3014 Ἕνα
483 2951 528 3028 δέ,
547 2953 647 3030 pergit
665 2951 824 3022 Lucienus,
843 2948 913 3010 τινὰ
932 2948 1080 3030 χρηεμὸν,
1098 2947 1293 3026 αὐτόφωνον
1312 2948 1363 3011 καὶ

193 3039 300 3122 αὐτόν,
316 3040 360 3102 εἰ(
370 3037 496 3102 ἅπαντα
506 3038 546 3102 τὰ
556 3037 630 3116 έθνη
642 3038 733 3120 ἐντῷ
744 3041 843 3119 λοιμῷ
854 3037 1065 3113 διεπέμψατο·
1080 3037 1120 3114 ἦν
1130 3038 1165 3100 δὲ
1176 3037 1214 3099 τὸ
1224 3035 1303 3100 έπο(
1314 3037 1361 3099 έν·

403 3133 516 3209 Φοῖβος
534 3121 731 3208 ἀκερσεκόμης
749 3124 854 3206 λοιμοῦ
873 3124 1001 3206 νεφέλην
1019 3122 1160 3207 ἀπερύκει

192 3215 243 3278 καὶ
256 3219 354 3278 τοῦτο
368 3215 407 3293 ἦν
422 3215 502 3279 ἰδεῖν
520 3216 558 3278 τὸ
577 3213 655 3278 έπο(
674 3218 841 3292 πανταχοῦ
860 3214 912 3276 ἐπὶ
930 3217 996 3278 τῶν
1011 3213 1171 3277 πυλώνων
1185 3215 1362 3291 γεγραμμέ-

192 3324 252 3367 νον
270 3303 314 3367 ὡ(
333 3307 391 3367 τοῦ
411 3307 523 3381 λοιμοῦ
543 3303 809 3381 ἀλεξιφάρμακον.

283 3397 378 3455 Paulo
406 3398 495 3456 aliter
521 3399 625 3455 narrat
648 3397 724 3454 hanc
746 3414 810 3454 rem
834 3395 920 3453 Mart.
945 3393 1200 3472 0ape11.19,19
1232 3395 1362 3470 dicitque

193 3481 287 3544 ‘caeci
304 3489 410 3559 poetae
431 3485 555 3544 Graium
574 3480 705 3544 versum’
725 3479 802 3562 (cod.
816 3484 975 3560 Hugianus
995 3477 1113 3542 ‘Graeci
1131 3475 1265 3564 poetae')
1286 3503 1362 3560 quae

193 3575 287 3634 verba
305 3568 396 3634 ‘caeci
414 3568 533 3650 poetae'
552 3571 759 3650 Eyssenhardt
772 3577 808 3633 ut
821 3575 971 3650 glossema
984 3591 1044 3632 non
1057 3575 1137 3631 reete
1155 3572 1275 3633 delevit.
1306 3573 1362 3631 Ille

193 3683 297 3723 versus
317 3663 438 3723 sanein
456 3664 586 3723 Homero
604 3682 664 3722 non
683 3665 789 3740 exstat,
808 3663 861 3721 sed
878 3662 997 3720 initium
1016 3659 1135 3736 Φοῖβο(
1154 3656 1362 3735 ἀκεμοεκόμη(

193 3754 345 3812 invenitur
362 3753 397 3811 Il.
412 3749 440 3811 Υ
456 3755 496 3812 39
517 3755 548 3812 et
566 3753 669 3828 hymni
687 3753 718 3810 in
740 3752 835 3827 Apoll.
850 3751 915 3811 Del.
932 3771 960 3812 τ.
977 3753 1052 3827 134;
1071 3750 1107 3810 cf.
1122 3749 1209 3826 Kopp
1223 3751 1282 3826 pal.
1297 3751 1362 3810 crit.

193 3841 240 3900 III
258 3839 277 3916 ἓ
294 3844 333 3900 61
356 3845 386 3900 et
403 3842 515 3918 Preger
533 3842 620 3902 inser.
639 3859 736 3916 graec.
755 3843 841 3899 metr.
860 3859 883 3900 s.
900 3860 947 3900 no.
965 3841 1038 3898 212.

282 3931 372 4005 Apud
399 3931 547 3990 Romanos
572 3929 695 3988 Homeri
720 3932 822 4004 partes
848 3929 879 3987 in
905 3931 970 3988 arte
996 3927 1206 4004 superst'tiosa
1232 3929 1364 4004 suscepit

195 4018 357 4096 Vergilius,
376 4022 476 4078 aetate
496 4020 574 4078 enim
593 4020 807 4094 imperatorum
826 4018 864 4076 ad
883 4036 931 4077 res
949 4018 1068 4076 futuras
1087 4016 1280 4092 exquirendas
1300 4035 1362 4075 sae-

194 4108 315 4183 pissime
335 4111 431 4167 sortes
446 4107 638 4186 Vergilianae
656 4107 897 4179 consulebantur,
916 4109 951 4165 ut
968 4106 1072 4165 multis
1090 4105 1178 4182 loeis,
1197 4123 1272 4181 quae
1292 4124 1362 4163 enu-

194 4200 386 4256 meraverunt
398 4195 736 4273 Marquardt-Wissowa
749 4196 769 4254 l.
784 4197 803 4254 i.
817 4216 846 4272 p.
863 4198 924 4256 101
941 4195 1007 4256 adn.
1020 4197 1041 4255 4
1056 4200 1088 4255 et
1100 4214 1129 4270 p.
1142 4195 1203 4254 102
1219 4195 1286 4253 adn.
1298 4197 1316 4254 6
1333 4197 1363 4253 et

195 4284 467 4345 Teuffel-Schwabe
485 4287 518 4345 in
536 4285 662 4345 historia
675 4285 734 4343 litt.
747 4285 950 4344 Romanorum
962 4277 997 4344 I5
1014 4304 1043 4360 p.
1057 4284 1122 4344 506
1140 4282 1199 4328 ²4¹¹
1221 4283 1244 4328 A
1270 4282 1362 4352 scrip·

194 4376 274 4432 tores
291 4375 433 4433 historiae
447 4375 603 4452 Augustae
618 4376 936 4448 commemoraverunt3
956 4370 1033 4435 (31.οι

195 4455 312 4539 ‘Vergil
329 4463 370 4521 im
390 4458 579 4525 Mittelalter'
597 4484 625 4540 p.
645 4464 687 4523 45
698 4481 750 4538 sq,
769 4465 810 4523 46
826 4462 893 4524 adn.
910 4464 938 4522 1.
1004 4510 1007 4517 .
