3150 5152
415 1079 638 1154 Addcnda
666 1083 711 1154 et
740 1077 1016 1176 corrigenda.

273 1281 301 1335 p.
317 1261 389 1318 534.
428 1260 581 1318 Ricardo
603 1261 703 1324 Heirn
722 1260 936 1350 Franciscus
957 1260 1113 1348 Skutsph
1133 1260 1162 1320 S.

223 1383 321 1443 Invito
342 1384 441 1443 hercle
460 1403 507 1442 me
526 1385 624 1444 fecisti
643 1386 730 1461 quod,
751 1386 825 1460 quae
846 1384 914 1443 olim
936 1404 991 1460 ego
1008 1385 1044 1443 de
1058 1386 1194 1443 formulis
1209 1379 1302 1461 magi-

133 1473 174 1531 cis
193 1493 211 1531 a
230 1471 342 1531 Catone
363 1474 399 1532 de
418 1474 508 1550 agric.
528 1492 591 1549 cap.
608 1476 671 1534 160
691 1474 808 1533 traditis
827 1473 983 1533 festinanti
1005 1475 1117 1533 calamo
1136 1474 1246 1533 litteris
1265 1476 1302 1533 ad

133 1564 162 1619 te
182 1561 260 1620 datis
279 1563 475 1638 inserueram,
504 1564 544 1621 sic
565 1567 598 1620 ut
616 1567 680 1622 tum
704 1566 788 1621 erant
813 1563 909 1622 obiter
931 1563 962 1620 in
985 1563 1112 1622 latinum
1137 1581 1302 1622 sermonem

132 1670 220 1710 versa
243 1650 363 1710 edidisti
386 1671 423 1710 ne
448 1651 518 1709 dum
542 1652 755 1726 imprimuntur
774 1652 893 1727 quidem
912 1651 1026 1726 copiam
1046 1652 1117 1710 mihi
1136 1652 1303 1730 corrigendi

131 1739 251 1799 faciens.
295 1739 353 1798 Sed
377 1741 516 1817 quoniam
540 1741 653 1799 factum
676 1741 742 1799 fieri
758 1741 899 1799 infectum
923 1759 982 1799 non
1005 1744 1117 1815 potest,
1141 1742 1249 1799 saltem
1271 1742 1303 1800 in

133 1830 213 1887 calce
226 1828 322 1888 libelli
336 1830 381 1887 tui
401 1829 534 1888 subicere
548 1831 661 1905 placuit
674 1830 782 1905 quibus
798 1830 975 1888 sententiam
989 1848 1088 1888 meam
1102 1832 1132 1888 ot
1146 1830 1302 1888 dilucidius

133 1921 162 1976 et
180 1918 297 1992 plenius
317 1936 460 1992 exponam
479 1937 569 1994 quam
587 1919 617 1976 in
635 1938 705 1994 pag.
721 1920 785 1979 534
804 1919 923 1978 videtur
941 1919 1053 1978 factum
1073 1937 1146 1978 esse.

221 2005 322 2082 Atque
347 2010 485 2082 quartam
510 2027 526 2065 e
549 2008 685 2068 formulis
709 2007 768 2066 illis
794 2008 918 2066 eandem
940 2009 1027 2082 plane
1047 2026 1111 2066 esse
1130 2010 1221 2083 atque
1239 2010 1301 2067 ter-

133 2096 207 2154 tiam
227 2095 252 2154 si
271 2096 309 2154 ab
329 2114 388 2153 una
407 2097 539 2155 alterave
558 2096 661 2156 littera
680 2097 859 2170 discesseris,
879 2098 938 2155 iam
953 2097 1101 2174 Bergkius
1116 2097 1299 2155 animadver-

133 2186 212 2242 terat
236 2177 322 2264 (pag.
338 2178 417 2265 557)
446 2203 624 2260 causamque
652 2187 716 2244 eius
742 2186 785 2243 rei
810 2185 915 2243 attulit
937 2187 1025 2244 hanc:
1055 2187 1120 2261 „ein
1143 2185 1303 2261 gewissen-

134 2274 233 2332 hafter
251 2272 464 2348 Abschreiber‚
488 2273 556 2332 dam
580 2274 645 2332 eine
669 2273 772 2333 aweite
791 2275 985 2332 Handschrift
1008 2294 1060 2332 zur
1078 2273 1302 2351 Vergleichung

135 2362 247 2438 vorlag‚
266 2363 319 2419 hat
338 2381 385 2419 arn
405 2362 507 2420 Raude
526 2362 592 2420 eine
610 2363 739 2438 formell,
758 2362 829 2421 aber
847 2363 930 2421 nicht
949 2362 1080 2421 sachlich
1095 2362 1302 2421 abueichende

133 2449 381 2525 Ueberlieferung
405 2447 653 2528 nachget1·agen“.
693 2451 738 2509 De
761 2452 857 2525 prima
881 2454 911 2510 et
935 2452 1063 2510 secunda
1086 2452 1215 2510 formula
1238 2451 1301 2509 sine

136 2539 226 2597 dubio
244 2539 276 2596 in
296 2539 418 2597 eandem
437 2541 636 2598 coniecturam
656 2542 702 2600 vir
722 2540 903 2599 clarissimus
920 2540 1080 2613 incidisset,
1099 2540 1158 2599 nisi
1173 2540 1302 2599 editione

134 2628 292 2704 nescioqua
311 2646 383 2686 usus
408 2632 496 2702 esset,
515 2629 545 2686 in
566 2648 624 2704 qua
642 2629 706 2704 ipse
726 2630 823 2688 editor
841 2633 963 2704 propter
981 2629 1103 2687 nimiam
1121 2630 1227 2687 harum
1242 2630 1301 2688 for-

133 2718 283 2775 mularum
307 2717 385 2776 inter
411 2736 441 2776 se
466 2717 692 2776 similitudinem
716 2718 841 2776 alteram
864 2719 1015 2779 omiserat.
1051 2718 1115 2776 Iam
1135 2720 1303 2778 coniectura
1371 2699 1384 2723 ⁰

134 2806 306 2882 Bergkiana
325 2806 435 2881 optime
455 2807 609 2865 stabilitur
626 2807 725 2867 verbis
744 2810 776 2865 io
795 2809 853 2866 utic
871 2827 892 2866 s.
912 2811 941 2880 fi,
965 2825 1042 2884 quae
1060 2807 1173 2882 primae
1193 2827 1227 2866 ac
1245 2811 1303 2866 ter-

133 2896 193 2954 tiae
215 2896 361 2954 formulae
380 2896 409 2953 in
430 2895 579 2954 codicibus
598 2893 762 2971 praemissa
781 2895 929 2971 Bergkius
950 2896 1141 2955 coniectando
1161 2900 1191 2956 et
1210 2897 1302 2955 inter-

134 2984 278 3060 pretando
302 2984 345 3042 ita
364 2985 502 3060 detorsit,
526 2988 561 3044 ut
580 2985 616 3042 de
635 2985 743 3043 malleo
763 2985 788 3043 si
812 2985 857 3043 dis
875 2985 975 3060 placet
993 2984 1148 3042 tonitruali
1167 2985 1303 3060 intellegi

133 3073 264 3150 possent,
284 3092 429 3150 egovero
449 3074 565 3149 magica
582 3092 641 3132 non
660 3093 725 3132 esse
745 3074 898 3145 contendo,
918 3073 971 3132 sed
989 3073 1091 3131 iaiuna
1106 3077 1136 3132 et
1150 3073 1303 3150 philologo

132 3166 167 3220 ut
194 3180 270 3237 quae
298 3162 432 3220 maxime.
470 3163 553 3219 Nihil
581 3164 659 3220 enim
688 3163 789 3222 valent
812 3161 871 3220 nisi
893 3165 925 3220 ia
949 3163 1006 3221 utto
1029 3161 1098 3236 s(ic)
1127 3161 1248 3234 derium)
1273 3165 1304 3220 et

132 3249 290 3310 lectionem
309 3250 423 3310 variam
443 3251 611 3328 significant
630 3251 668 3309 ad
687 3250 832 3309 formulas
847 3251 978 3326 magicas
994 3250 1184 3326 adscriptam.
1217 3249 1302 3320 Quod

134 3343 169 3398 ut
194 3342 296 3399 nostro
319 3341 384 3399 loco
407 3339 452 3398 ita
475 3340 545 3398 alibi
569 3340 599 3398 in
624 3340 667 3398 eis
691 3340 881 3415 potissimum
905 3340 1005 3400 verbis
1028 3339 1142 3398 factum
1166 3357 1245 3417 esse,
1272 3341 1303 3398 in

136 3428 246 3504 quibus
266 3429 290 3488 si
310 3446 400 3487 uuam
421 3429 509 3488 modo
528 3431 734 3503 peccavissent
754 3430 900 3505 syllabam
918 3428 967 3487 vel
982 3428 1056 3486 adeo
1070 3429 1204 3487 litteram
1218 3428 1304 3487 irrita

135 3516 200 3576 fieri
218 3519 360 3592 poterant
378 3520 448 3576 vota
466 3519 583 3593 magica
601 3517 650 3592 (cf.
670 3518 758 3576 Plinii
778 3519 877 3576 locum
896 3536 914 3575 a
932 3521 963 3576 te
981 3517 1012 3574 in
1030 3517 1091 3574 ima
1108 3518 1220 3594 pagina
1240 3519 1301 3576 527

134 3601 283 3683 allatum),
303 3606 450 3664 neminem
469 3608 577 3664 mirum
596 3608 726 3666 habebit.
760 3606 816 3664 Oui
834 3606 879 3665 rei
898 3624 953 3680 ego
972 3623 1157 3682 papyrorum
1176 3606 1303 3682 magica-

132 3715 199 3753 rum
214 3687 265 3774 (οἳ.
281 3697 369 3753 antea
383 3714 450 3770 pag.
463 3696 525 3754 535
542 3699 572 3754 et
587 3715 663 3772 quae
677 3695 831 3755 Dieterich
845 3695 1001 3755 adnotavit
1015 3687 1176 3753 ‘Abraxas'
1191 3714 1260 3771 pag.
1270 3697 1303 3771 93

133 3784 210 3843 adde
229 3787 260 3843 at
274 3783 538 3843 Reitzensteiuium
557 3786 588 3843 in
606 3786 665 3844 ind.
685 3778 1038 3864 leot.Rostoch.1892s3
1057 3802 1124 3859 pag.
1142 3775 1198 3865 20)
1218 3784 1304 3844 testi-

131 3872 265 3932 monium
293 3872 514 3932 advocaveram.
557 3873 670 3932 Verum
697 3873 770 3932 alibi
795 3891 911 3950 quoque
935 3873 987 3930 ubi
1012 3875 1172 3948 praecepta
1195 3873 1303 3932 dantur

134 3962 171 4021 ad
189 3962 308 4021 litteras
328 3962 500 4037 exequenda
519 3961 658 4021 similiter
676 3963 789 4022 factum
807 3962 954 4021 videmus.
993 3961 1041 4020 Sic
1060 3962 1140 4037 apud
1155 3960 1303 4020 Galerium
1402 4007 1403 4010 η

131 4051 188 4111 vol.
208 4050 266 4109 XII
288 4070 357 4127 pag.
378 4052 442 4111 890
457 4049 573 4110 Kuehn.
602 4051 712 4128 duplex
736 4071 878 4111 versuum
905 4051 1090 4127 quorundam
1116 4050 1303 4110 Democratis
1361 4059 1366 4070 “

133 4139 240 4198 medici
258 4139 347 4199 lectio
367 4139 502 4200 adfertur
521 4140 700 4216 interposito
720 4136 755 4200 ἐν
775 4133 863 4218 ἄλλῳ
884 4134 979 4214 εὗρον
999 4136 1084 4200 οὕτω
1100 4133 1303 4218 (Damooratis

130 4228 302 4306 fragmenta
331 4229 374 4288 ed.
400 4228 584 4288 Studemuud
607 4249 675 4306 pag.
693 4233 731 4288 17
753 4250 779 4289 v.
801 4222 920 4310 6sqq.).
968 4229 1016 4288 Sic
1044 4228 1197 4304 Pelagonii
1228 4230 1301 4286 artis

113 4318 327 4377 ‚veterinariae
355 4320 456 4377 textus
484 4317 629 4376 eiusmodi
654 4318 864 4376 additamentis
888 4318 1051 4376 identidem
1074 4317 1215 4376 turbatus
1242 4319 1302 4394 est3

130 4405 197 4466 vida
222 4424 297 4482 quae
321 4407 395 4464 dixit
417 4405 532 4465 lhmius
553 4408 714 4483 prolegom.
733 4426 802 4483 pag.
820 4409 892 4481 2sq.
931 4406 1106 4465 Afferuntur
1125 4409 1227 4466 autem
1245 4407 1303 4478 leo-
