3150 5152
667 252 801 309 liirurrlus
821 254 914 310 lleim:

366 444 425 481 ror
444 444 505 499 pro
524 422 642 497 corilo,
661 442 798 499 piscor,
817 442 879 499 pro
898 424 1009 484 fibris
1028 426 1159 485 sumite
1179 427 1314 489 fibras.

421 514 508 571 irruo
528 514 678 573 urriuraru
698 512 801 571 rsrbis
820 532 882 587 pro
901 515 1049 574 meliore
1067 511 1221 575 damns'.

368 604 409 659 sir
430 602 480 659 ubi
505 602 618 677 tinuit,
638 606 774 677 prosectu
792 602 847 659 sub
866 603 987 662 aethere
1005 604 1099 680 ponit,

420 690 530 765 aprique
549 692 649 749 sulsiul·
667 690 767 765 artri-is,
787 691 935 765 respicere
959 692 1012 750 illa
1029 694 1123 751 vetat.

368 778 511 855 rirprupre
533 780 641 837 laicalis
661 779 697 837 de
716 779 802 853 spina
820 781 942 855 ponitur
961 781 1038 855 alba,

419 886 478 941 quu
497 866 597 925 lunron
618 868 756 927 tlralruuis
776 886 869 943 parva
887 868 1020 928 fenestra
1039 870 1139 930 dabat.

366 960 433 1029 post
452 956 525 1013 illud
544 976 598 1015 noc
616 976 686 1016 rwos
707 976 797 1015 cunas
818 958 943 1017 violasse
963 958 1110 1036 feruntur,

419 1047 449 1103 rt
469 1046 557 1105 rorliit
576 1064 677 1123 priore,
697 1046 747 1121 qui
766 1046 824 1103 fuit
842 1051 921 1124 nuta,
940 1048 1029 1107 color.

300 1150 408 1209 lanum
420 1148 518 1210 Ovidii
533 1156 629 1211 toturn
644 1151 742 1223 ulluli,
757 1152 835 1227 quan
851 1152 1038 1213 historiolam
1053 1155 1233 1231 universam,
1251 1179 1387 1236 quorum

205 1240 340 1314 ‹irourplu
348 1258 438 1314 supnu
448 1242 617 1317 pAllbsqq.
626 1241 682 1297 ium
692 1241 870 1317 orruurercvi,
879 1260 938 1301 non
947 1242 1384 1311 solumverbacornae‘noecis

204 1348 283 1405 rcvrrs,
294 1328 370 1387 crutis
381 1328 546 1404 putrilibus
554 1330 667 1405 parcito
679 1376 685 1389 .
695 1375 701 1389 .
711 1375 717 1387 .
727 1324 746 1389 .’
755 1349 809 1406 pro
817 1330 1037 1392 incantamento
1045 1329 1215 1393 adhibitam
1223 1344 1384 1415 esseputo.

298 1488 408 1547 llriudo
432 1488 623 1563 reperiuntur
647 1490 738 1549 verbo
761 1490 876 1567 magica
899 1491 930 1549 in
949 1490 1155 1552 Lemuriorum
1175 1495 1384 1560 Romanorum

206 1576 266 1635 ritn
287 1580 438 1653 usurpato,
459 1597 534 1653 quae
554 1582 672 1638 exstant
691 1580 769 1653 apud
789 1580 914 1638 eundem

300 1676 380 1742 147.
409 1682 463 1744 Ov.
483 1684 562 1743 Fast.
582 1684 608 1741 V
624 1687 687 1745 433
699 1704 754 1761 sq.:

365 1788 515 1867 Signaque
535 1792 586 1849 dat
605 1792 707 1867 digitis
727 1793 824 1851 medio
843 1812 908 1851 cum
927 1795 1034 1869 pollice
1054 1794 1170 1870 iunctis,

418 1884 554 1937 occurrat
576 1880 669 1939 tacito
688 1900 725 1938 ne
745 1881 819 1940 levis
838 1882 945 1940 umbra
964 1883 1033 1960 sibi;

365 1986 490 2041 cumque
513 1986 618 2027 manus
638 1988 728 2043 puras
747 1970 871 2029 fontana
888 1971 999 2045 perluit
1019 1974 1107 2048 unda,

416 2055 546 2115 vertitur
564 2060 595 2114 et
612 2059 714 2133 nigras
734 2059 841 2134 accipit
861 2078 911 2117 ore
930 2060 1015 2119 fabas

362 2164 544 2221 aversusque
562 2145 639 2205 iacit.
678 2148 730 2205 sed
749 2148 820 2205 dum
838 2147 909 2207 iacit·
928 2142 1031 2209 ‘haec
1050 2170 1115 2228 ego
1134 2153 1254 2232 mitto,

413 2228 487 2293 his'
506 2234 603 2310 inquit
622 2230 772 2297 ‘redimo
791 2257 915 2314 meque
934 2257 1100 2315 meosque
1118 2237 1239 2302 fabis'.

363 2324 418 2383 hoo
436 2324 538 2384 novies
559 2325 631 2384 dicit
648 2345 702 2386 nec
721 2327 851 2402 respicit.
888 2329 995 2387 umbra
1013 2333 1138 2404 putatur

415 2415 565 2491 conligere
584 2419 614 2475 et
632 2417 715 2476 nullo
734 2420 822 2493 targa
840 2417 959 2477 vidente
979 2420 1071 2492 sequi.

363 2523 468 2563 rursus
488 2523 597 2579 aquam
616 2507 715 2581 tangit
734 2506 955 2582 Temesaeaque
974 2511 1132 2580 concrepat
1149 2527 1220 2566 aera

418 2594 448 2649 ct
467 2595 563 2667 rogat,
585 2595 617 2650 ut
635 2593 723 2650 tectis
743 2596 829 2650 exeat
849 2594 954 2649 umbra
972 2592 1047 2664 suis3

360 2695 427 2734 oum
447 2678 522 2735 dixit
540 2679 642 2736 novies
662 2671 797 2735 ‘manes
817 2678 915 2736 exite
932 2671 1105 2752 paterni',

412 2764 534 2838 respicit
554 2768 584 2821 ct
601 2783 676 2838 pure
696 2782 780 2821 sacra
797 2767 920 2838 peracta
937 2768 992 2838 put
1012 2767 1032 2822 t.

318 2997 378 3055 IX.
410 2997 667 3053 Incantamenta
693 3010 711 3050 e
737 2996 829 3051 ludis
851 2994 1041 3064 puerilibus
1064 2992 1250 3050 enucleata.

288 3137 464 3211 Priusquam.
484 3136 522 3193 ad
540 3135 762 3194 incantamenta
780 3137 948 3209 vertamur,
973 3153 1049 3208 quae
1073 3151 1132 3192 non
1150 3136 1260 3192 natura
1278 3136 1371 3194 menti

201 3228 291 3300 atqua
311 3225 441 3301 opinioni
460 3224 564 3298 populi
581 3224 673 3284 insita
691 3227 789 3298 erant,
814 3224 863 3282 sed
888 3241 906 3280 a
924 3223 1021 3299 magis
1041 3241 1074 3282 ao
1092 3224 1372 3302 praestigiatoribus

199 3314 324 3372 orientis
343 3314 379 3370 ad
398 3312 526 3372 Graecos
540 3313 749 3390 Romanosque
768 3314 869 3372 delata
887 3316 966 3390 sunt,
986 3332 1081 3388 pauca
1100 3313 1232 3372 dicamus
1252 3313 1288 3373 de
1307 3315 1372 3389 qui-

163 3471 170 3477 ·
200 3403 326 3461 busdam
344 3401 510 3476 puerilibus
530 3402 610 3462 ludis
629 3405 659 3461 et
680 3402 851 3479 cantileniS,
875 3422 951 3478 quae
975 3405 1056 3461 certe
1074 3402 1219 3478 principio
1240 3405 1371 3463 incanta-

203 3491 296 3549 tiones
316 3495 409 3549 erant.
448 3491 495 3549 Ad
515 3493 594 3550 huno
613 3511 726 3551 morem
744 3493 957 3551 illustrandum
976 3493 1149 3567 aptissimus
1169 3495 1215 3551 cst
1233 3495 1314 3551 loous

288 3589 366 3657 148.
394 3597 466 3657 Hor.
486 3601 542 3658 art.
561 3602 640 3674 poet.
660 3602 739 3659 417:

515 3686 673 3764 Occupet
692 3693 889 3747 extremum
908 3689 1060 3748 scabies.

287 3791 335 3850 Ad
354 3813 443 3869 quem
462 3813 594 3873 versum,
618 3799 654 3854 ut
679 3796 886 3872 intellegatur,
911 3795 1138 3856 scholiastarum
1162 3797 1368 3855 adnotationes

196 3880 342 3955 inspicere
361 3884 563 3943 necessarium
578 3887 635 3960 est3
657 3883 769 3943 Acron:
789 3877 925 3959 ‘occupet
939 3886 1065 3945 ....ille
1078 3885 1212 3961 patiatur
1230 3886 1368 3962 scabiem,

197 3970 247 4044 qui
267 3973 416 4030 extremus
442 3975 599 4048 componet
622 3992 738 4050 versus3
767 3975 990 4047 μεταφορικῶς
1012 3977 1113 4033 autem
1136 3974 1253 4032 locutus
1277 3978 1323 4033 est
1350 3994 1368 4032 a

197 4059 267 4118 ludo
286 4079 457 4135 puerorum.
485 4061 533 4120 Ita
552 4062 631 4120 enim
649 4061 736 4138 pueri
754 4066 906 4122 currentes
924 4064 1020 4122 aiunt:
1040 4057 1208 4136 ‘occupet
1227 4063 1367 4121 scabies

195 4149 236 4206 in
255 4153 440 4209 extremo
459 4145 762 4210 remanentem’
780 4194 787 4209 .
808 4194 815 4209 .
836 4198 842 4209 .
863 4195 869 4221 ‚
890 4152 1003 4211 scabies
1023 4151 1111 4208 ludus
1132 4169 1291 4225 puerorum
1311 4157 1365 4223 est,

198 4241 233 4296 ut
250 4239 343 4298 habes
362 4239 393 4297 in
409 4239 550 4298 Suetonio
565 4240 739 4317 Tranquillo
760 4233 812 4319 (cf.
828 4239 947 4300 Sueten.
965 4242 1010 4298 ed.
1024 4240 1246 4300 Reifferscheid.
1262 4261 1291 4316 p.
1303 4243 1365 4300 346

196 4346 243 4387 no.
257 4321 343 4408 198).
370 4328 539 4405 Porphyrio
553 4329 606 4388 ib.:
625 4329 681 4388 hoo
695 4348 731 4388 ax
744 4329 815 4388 ludo
830 4349 990 4404 puerorum
1010 4329 1142 4406 sustulit,
1163 4329 1214 4406 qui
1228 4331 1366 4388 ludentes

198 4416 294 4473 solent
313 4417 422 4476 dicere:
445 4419 643 4493 quisquis
668 4420 714 4476 ad
737 4438 790 4477 me
816 4419 1032 4478 novissimus
1056 4420 1212 4496 venerit,
1235 4419 1368 4478 habeat
