3150 5152
314 298 382 362 478
774 295 912 351 eicerem
928 294 1023 350 Helm:

315 468 391 529 XIII
406 471 439 544 5,
453 470 483 527 4.
520 460 678 543 Ἐξορκίζω
701 467 758 543 μῦς
783 458 854 536 τοὺς
879 461 1012 524 ἐνταῦθα
1038 460 1372 543 καταλαμβανομένους,
1394 458 1441 542 μή
1464 485 1502 543 με

315 551 473 634 ἀδικήσητε
495 549 581 615 αὐτοὶ
607 552 677 633 μήτε
704 549 794 614 ἄλλον
821 549 936 631 ἐάσητε·
969 553 1076 631 δίδωμι
1102 547 1160 632 γὰρ
1187 547 1281 631 ἆμρὸν
1306 546 1380 630 ὑμῖν
1406 547 1502 613 τόνδε

317 638 381 707 (καὶ
398 643 490 724 λέγεις
507 639 622 724 ποῖον)·
641 643 668 702 εἰ
685 640 719 702 δὲ
737 637 814 720 ὑμᾶς
827 641 868 702 ἔτι
881 632 938 702 ὧδε
954 638 1041 715 ὄντας
1053 635 1220 720 καταλάβω,
1237 635 1425 720 παραλαβῶν
1437 645 1501 702 τῶν

314 737 399 794 θεῶν
416 729 472 812 τὴν
489 726 632 815 μηνὲραι)
650 726 793 810 διαιρήσω
811 725 889 809 ὑμᾶς
906 732 948 803 εἰς
966 730 1039 810 μέρη
1058 726 1093 802 ζ’.

405 887 465 954 47.
489 893 686 970 Theophanes
695 891 830 968 Nonuue,
844 892 881 950 de
896 892 1048 951 curatione
1066 895 1238 951 morborum
1253 891 1298 952 ecl.
1307 891 1457 952 Bernarcl
1466 893 1500 952 Π

315 1004 344 1059 p.
362 985 436 1058 307,
454 1001 509 1059 cap
533 985 597 1042 266
617 982 764 1058 seqnitur,
787 981 866 1057 quod
888 982 920 1039 in
941 1000 1001 1040 uno
1025 981 1138 1040 codice:
1161 978 1252 1055 Πρὸ(
1274 978 1313 1040 τὸ
1336 975 1498 1042 ἀπολέααι

315 1070 408 1146 μυῖα(
430 1072 575 1149 traditur,
600 1074 632 1130 in
654 1072 752 1129 altero
774 1070 1013 1129 vindobonensi:
1044 1065 1178 1128 'Altera
1210 1065 1340 1143 γράψον
1362 1065 1498 1147 ἔξηφόρε

316 1158 367 1220 καὶ
385 1156 537 1235 θυμίαεον
554 1157 593 1220 τὸ
611 1155 776 1219 πιττάκιον
794 1153 950 1234 χαλβάνιν
969 1156 1020 1217 καὶ
1039 1156 1194 1218 δύνοντος
1213 1160 1272 1218 τοῦ
1285 1154 1378 1232 ἡλίου
1392 1159 1497 1232 δῆεον

316 1246 361 1309 εἰ(
379 1248 438 1324 τὴν
457 1245 564 1309 δεξιὰν
582 1246 683 1323 θύραν
700 1245 752 1307 καὶ
769 1246 845 1307 τοὺ(
864 1249 1064 1322 χαρακτῆρα(
1085 1245 1198 1308 τούεδε
1221 1241 1380 1328 (secuntur
1404 1249 1497 1326 signa

317 1344 432 1415 septem
449 1333 664 1418 planetarum).

352 1489 360 1502 .
379 1420 499 1544 fCodex
514 1418 702 1474 Coislinianns
719 1417 837 1487 praebet
854 1419 975 1487 ἑξιφόρε,
993 1418 1043 1471 secl
1061 1417 1213 1487 legendum
1231 1419 1276 1471 eet
1293 1420 1333 1472 ἔξι
1348 1419 1443 1486 φόρος
1458 1445 1494 1464 =

316 1506 362 1544 en
393 1509 461 1546 orae.

406 1633 465 1702 48.
489 1640 594 1701 Morbo
604 1641 885 1700 avenuneandovel
894 1640 1069 1716 expellendo
1079 1641 1208 1700 fortasse
1218 1641 1309 1699 etiam
1318 1640 1494 1700 insere-iisse

315 1749 424 1807 graeca
446 1730 608 1802 vocabula,
631 1749 707 1806 quae
730 1730 852 1788 exhibet
872 1729 1039 1788 frustulum
1062 1729 1183 1788 chartae
1203 1729 1385 1806 Aegyptiae,
1409 1730 1493 1805 quod

316 1819 411 1878 edidit
428 1819 626 1878 'Iisehcndorf
647 1820 710 1877 eod.
730 1819 834 1877 Sinait
854 1819 914 1877 tab.
934 1819 988 1875 XX
1005 1822 1038 1894 7,
1065 1822 1147 1877 reete
1165 1819 1267 1894 Bergk
1285 1820 1317 1877 in
1334 1821 1414 1893 poet.
1432 1819 1493 1894 lyr.

315 1926 413 1984 graec.
431 1899 695 1983 v01.111⁴p.665
715 1908 894 1966 observavit.
931 1906 1033 1965 Verba
1051 1912 1121 1966 eunt
1139 1908 1226 1966 haec:

404 1994 523 2056 ἐκτείνει
540 1996 754 2074 περικεφαλαία
771 1990 880 2074 βύρσα,
903 1989 984 2067 ἐκτός
1003 1990 1083 2067 ἐκτός
1101 1990 1235 2072 νόσ[ος],
1260 1999 1363 2075 συγχεῖ
1380 1989 1494 2074 πώγων

313 2079 419 2163 ἦῖθεος
436 2079 569 2162 ἡμβθεος.

405 2167 554 2221 ΗΜΙΞΕΟ(
572 2165 708 2221 traditum
727 2169 780 2234 est,
798 2184 841 2220 -oc
861 2166 891 2219 in
909 2167 1047 2220 vocabulo
1065 2168 1145 2220 νόω(
1163 2166 1299 2234 supplevi.

403 2334 472 2394 Non
495 2336 624 2395 multum
649 2336 792 2394 differunt
815 2335 853 2393 ab
875 2335 932 2393 hoc
954 2354 1063 2410 genere
1087 2335 1389 2410 incantamentorum,
1413 2354 1492 2410 quae

315 2426 452 2484 morbum
471 2445 487 2483 e
506 2443 629 2500 corpore
647 2425 785 2483 morboso
804 2424 936 2499 eliciunt,
954 2425 1008 2482 illa
1027 2424 1172 2499 earmina,
1198 2423 1306 2498 quibus
1324 2423 1421 2482 morbi
1440 2425 1493 2482 ad-

314 2521 474 2572 monentur
492 2533 511 2572 a
530 2513 757 2590 superstitione,
776 2533 814 2572 ne
833 2517 968 2572 crescent
985 2533 1060 2571 nove
1079 2513 1208 2587 doleant,
1227 2513 1323 2571 veluti

404 2595 463 2664 49.
487 2603 563 2660 Plin.
578 2602 693 2660 XXVII
709 2605 781 2662 131.
819 2600 905 2660 Cinea
923 2602 1093 2660 Ariminum
1111 2605 1184 2660 nota
1200 2604 1247 2660 eet
1264 2601 1371 2677 herba,
1397 2621 1489 2678 quam

314 2691 452 2751 resedam
470 2694 595 2766 vocant3
617 2691 741 2749 discutit
758 2690 946 2750 collectiones
970 2691 1278 2765 inflammationesque
1301 2709 1412 2749 omnes.
1440 2692 1492 2768 qui

317 2784 424 2838 curant
442 2798 492 2855 ea,
518 2779 632 2837 addunt
650 2779 723 2838 haec
745 2781 849 2839 verba:
874 2773 1030 2854 ‘reeeda,
1052 2780 1186 2838 morbis
1209 2779 1347 2852 reseda,
1371 2779 1491 2838 scisne

316 2868 450 2945 scisne,
483 2869 562 2945 quie
590 2867 650 2926 hic
676 2860 801 2943 pullus
829 2869 947 2946 egerit
974 2861 1170 2948 radices?²)
1202 2887 1264 2929 nec
1292 2872 1401 2944 eaput
1427 2866 1490 2927 neo

314 2958 425 3034 pedes
444 2949 624 3015 habeant?
655 2957 728 3016 haee
747 2960 794 3016 ter
811 2957 914 3016 dieunt
932 2959 1103 3034 totiensque
1121 2961 1274 3032 respuimt.

405 3038 518 3092 Morbus
538 3055 601 3092 eum
619 3037 713 3106 pullo,
732 3038 846 3092 surculo
866 3037 980 3108 plantae
1004 3036 1173 3107 parasiticae
1195 3039 1242 3107 (ei.
1263 3039 1332 3092 Cato
1350 3053 1401 3091 rer.
1419 3039 1488 3091 ruet.

315 3114 363 3234 iii
364 3117 400 3250 g1⁰
418 3115 499 3235 ἐξὲξ,
500 3111 545 3232 r1),
574 3116 752 3178 comparetur
777 3112 862 3177 etque
885 3126 920 3163 ne
944 3127 1054 3163 sursum
1076 3126 1146 3164 neve
1171 3108 1302 3164 deorsum
1325 3110 1443 3174 creseat,
1471 3125 1489 3161 a

407 3323 468 3390 50.
494 3332 583 3391 Marc.
598 3330 673 3389 VIII
689 3333 760 3390 191.
794 3332 826 3390 Si
839 3331 871 3389 in
885 3332 989 3390 dextro
1004 3333 1091 3390 oculo
1105 3332 1229 3391 verulus
1244 3333 1302 3390 erit
1315 3334 1403 3391 natue
1406 3375 1488 3404 .....

318 3420 409 3478 dices:
430 3413 508 3479 ‘neo
526 3421 622 3478 mule
640 3420 750 3495 parit,
768 3440 831 3479 nee
844 3421 941 3496 lapis
955 3422 1073 3478 lanam
1086 3421 1175 3498 fert3
1194 3440 1257 3480 nee
1270 3420 1353 3479 huic
1366 3419 1489 3478 morbo

258 3493 266 3513 ⁸
316 3513 424 3585 ceput
442 3511 585 3568 crescat
604 3516 666 3567 aut
684 3509 714 3568 ei
732 3511 903 3584 ereverit,
922 3504 1109 3569 tabescat?

406 3679 464 3747 bl.
488 3687 685 3748 ib.XV101.
728 3685 855 3746 Carmen
882 3688 991 3746 mirum
1019 3689 1057 3746 ad
1083 3689 1242 3765 glandulae
1265 3689 1321 3748 eie:
1348 3682 1490 3747 ‘albula

316 3766 506 3854 glandule,
525 3795 588 3836 nec
607 3777 745 3854 doleas,
763 3796 826 3835 neo
840 3796 983 3854 noceas,
1001 3797 1065 3836 nee
1079 3779 1269 3854 paniculae
1284 3779 1414 3852 facias,
1428 3777 1489 3836 sed

315 3864 497 3940 liqueeeee
516 3868 696 3942 tamquam
715 3866 804 3925 salis
823 3866 859 3924 in
878 3859 990 3942 equa'
1022 3868 1077 3928 hoo
1096 3871 1143 3926 ter
1160 3869 1264 3927 novies
1284 3868 1385 3927 dicens
1400 3885 1490 3944 epuee

369 3988 374 3993 -
397 3987 401 3992 ·
408 3986 528 3995 —a-—m-

406 4057 432 4122 1)
452 4052 472 4106 C
492 4053 567 4119 bele,
596 4053 711 4108 deorum
729 4055 831 4121 mater,
854 4071 937 4124 saepe
955 4054 1102 4111 invocatur
1119 4053 1149 4108 iu
1167 4053 1275 4106 artibus
1298 4051 1430 4122 magieis,
1454 4051 1489 4104 cf.

316 4123 455 4179 Diodori
498 4129 539 4178 58.
565 4127 722 4192 καθαρμοὺς
739 4130 798 4178 τῶν
816 4128 975 4181 νοεούντων
994 4133 1105 4195 κτηνῶν
1127 4143 1158 4178 τε
1181 4127 1226 4178 καί
1250 4124 1359 4190 νηπίων
1380 4123 1489 4176 παίδων

316 4196 512 4264 εἰεηγήοαοθαι.
541 4197 584 4249 διὸ
608 4199 652 4250 καὶ
675 4201 734 4249 τῶν
758 4201 871 4264 βρεφῶν
895 4205 955 4253 ταῖς
979 4201 1099 4268 ἐπῳδαῖς
1121 4196 1286 4265 (ῳζομένων
1400 4195 1489 4259 αὐτὴν

316 4271 364 4335 (eo.
385 4268 516 4335 Κυβέλην)
540 4267 634 4334 ὀρείαν
658 4269 764 4335 μητέρα
786 4276 1054 4339 προεαγορευθῆναι,
1084 4266 1118 4322 of.
1138 4265 1191 4320 Dio
1215 4264 1389 4333 Chryeost.I
1412 4283 1438 4333 p.
1456 4270 1488 4317 12

318 4339 371 4407 (ed.
391 4337 528 4406 Diudorf.)
551 4338 761 4392 incantamenta
787 4341 856 4408 ὑπὲρ
880 4349 995 4410 καρπῶν
1018 4344 1062 4395 καλ
1086 4338 1266 4406 βοεκημάτων
1289 4337 1422 4401 γενὲεεωε
1446 4339 1490 4390 καὶ

317 4410 453 4478 (ωτηρίαε
472 4425 489 4463 u
506 4409 665 4479 pastoribus
683 4411 713 4464 et
731 4411 862 4481 agricolis
881 4416 1023 4484 usurpata,
1043 4409 1076 4466 ef.
1096 4410 1133 4464 ib.
1148 4408 1175 4462 Π
1192 4426 1219 4477 p.
1235 4413 1268 4460 31
1285 4407 1367 4462 Dind.

407 4487 433 4548 2)
453 4479 493 4536 Of.
509 4479 592 4550 (larg.
608 4480 689 4536 Mart.
708 4488 747 4536 19.
766 4485 866 4539 subulo
884 4488 986 4542 moeris
1003 4499 1051 4538 nec
1069 4482 1176 4536 rods‘ces
1193 4496 1276 4551 apos,·
1293 4479 1368 4534 inira
1385 4496 1412 4549 p.
1428 4484 1480 4533 493
