3150 5152
491 280 710 361 ¹Incantamenta
727 307 838 376 magIca
856 322 959 374 graeca
976 305 1074 361 latina.
1306 304 1371 367 473

289 468 344 534 16.
377 475 416 534 ib.
436 495 483 535 no.
499 478 571 537 189.
599 475 647 534 Ad
665 476 809 551 fugitivos
827 475 860 533 in
879 475 982 534 charta
1002 474 1107 532 scribit
1126 474 1262 532 dominus
1280 492 1371 531 manu

203 583 258 624 sua
276 565 338 641 sitia
357 564 477 623 domina
495 584 585 623 manu
605 584 659 624 sua
678 565 801 623 sinistra
818 583 947 623 nomen
964 563 1133 641 fugitivi.

285 743 384 800 Etiam
403 742 435 800 in
454 742 601 801 amatoria
618 742 718 818 magia
741 743 820 817 apud
839 741 1004 799 Lucienum
1027 733 1111 819 (dial.
1135 741 1254 799 meretr.
1273 739 1317 798 IV
1337 731 1371 819 5)

199 831 274 908 Syra
297 851 386 907 maga
410 851 484 890 anus
508 832 627 892 relictos
652 833 766 891 calceos
790 830 933 889 amatoris
958 829 1041 888 suffit
1067 833 1097 888 et
1119 848 1227 888 nomen
1252 830 1315 887 eius
1342 832 1372 885 et

197 921 361 979 meretricis
381 921 563 995 pronuntiat.

289 999 347 1070 17.
375 1005 499 1068 'subrue
531 1002 586 1089 (sc.
614 1008 767 1082 κρηπῖδα(
795 1002 908 1085 αὐτοῦ)
942 1004 1118 1080 κρεμάτατα
1145 1003 1180 1066 ἐκ
1208 1001 1372 1065 παττάλου
1485 1068 1487 1074 ,

198 1092 357 1176 ὑποθυμιᾷ
375 1098 420 1176 τῷ
440 1094 524 1176 θείῳ,
548 1093 710 1156 πάττουια
728 1093 779 1155 καὶ
802 1096 867 1155 τῶν
891 1091 980 1155 ἁλῶν
1004 1093 1056 1155 ἐπὶ
1079 1093 1116 1154 τὸ
1136 1095 1207 1170 πῦρ,
1232 1092 1372 1166 ἐπιλέγει

200 1183 235 1244 δὲ
259 1180 374 1263 ἀμφοῖν
396 1179 430 1244 τὰ
454 1180 583 1264 ὀνόματα
606 1184 655 1245 καὶ
678 1179 709 1246 τὸ
734 1183 848 1246 ἐκείνου
871 1178 975 1244 καὶτὸ
999 1180 1061 1246 σόν.

286 1365 363 1423 Huic
382 1365 450 1423 usui
468 1384 576 1424 nomen
596 1365 679 1440 aegri
702 1364 819 1422 dicendi
842 1363 1027 1423 simillimum
1052 1362 1127 1420 illud
1151 1381 1245 1437 genus
1269 1362 1370 1420 incan-

199 1452 360 1512 tationum:
380 1448 555 1512 ‘remedium
570 1454 667 1512 facere
681 1454 820 1512 morboso
839 1455 893 1511 aut
910 1452 1014 1512 morbo
1029 1444 1167 1528 cuidem',
1186 1469 1263 1527 quae
1278 1452 1370 1510 verba

197 1542 277 1600 haud
295 1561 364 1599 rara
382 1545 459 1601 sunt.
1222 1572 1228 1587 ·

291 1623 346 1690 18.
379 1630 455 1691 Plin.
475 1631 530 1688 XX
550 1633 623 1692 151.
658 1629 754 1689 Aiunt
776 1634 807 1689 et
830 1630 900 1689 lieni
923 1628 1036 1688 mederi
1060 1648 1126 1688 eam
1151 1621 1203 1709 (sc.
1223 1619 1370 1708 mentam)

199 1719 230 1776 in
248 1720 335 1778 horto
354 1723 508 1795 gustatam
526 1721 569 1778 ita
588 1740 625 1778 ne
644 1721 781 1794 vellatur,
801 1721 826 1778 si
845 1719 870 1777 is
890 1719 941 1794 qui
960 1719 1096 1777 mordeat
1115 1718 1196 1776 dicat
1219 1737 1259 1777 se
1282 1717 1373 1775 lieni

198 1809 346 1884 mederi,
365 1829 418 1884 per
437 1809 499 1867 dies
518 1809 614 1868 IX...

290 1997 345 2062 19.
379 2004 417 2062 ib.
448 2004 519 2062 XXI
544 2007 616 2064 166.
654 2004 736 2080 Magi
760 2005 888 2062 multum
914 2003 1034 2079 quidem
1059 2002 1096 2062 iis
1125 1993 1181 2084 (sc.
1204 1992 1372 2080 anemouis)

200 2091 342 2167 tribuere,
361 2093 579 2167 quamprimum
598 2093 762 2168 aspiciatur
780 2095 811 2153 in
829 2112 906 2151 anno
925 2093 993 2151 tolli
1008 2092 1145 2150 iubentes
1161 2090 1371 2166 dieiquecol-

199 2180 271 2256 ligi
290 2199 365 2238 eam
384 2182 558 2240 tertianis
579 2183 616 2240 et
634 2182 827 2257 quartanIS
847 2181 1057 2240 remedio...

289 2338 347 2437 211.
380 2377 419 2435 ib.
438 2378 508 2435 XXI
530 2380 601 2437 176.
640 2378 721 2452 Magi
740 2379 843 2436 eontra
861 2376 1006 2435 tertianas
1031 2375 1154 2433 sinistra
1176 2393 1266 2432 manu
1285 2373 1374 2431 evelli

200 2483 263 2521 eam
285 2456 339 2544 (sc.
359 2466 483 2523 herbam
501 2461 707 2545 parthenium)
726 2465 831 2524 iubent
853 2465 978 2540 dicique,
1003 2465 1104 2523 cuius
1127 2481 1237 2521 eausa
1259 2463 1373 2521 rella-

199 2555 273 2630 tur,
292 2572 346 2612 nec
365 2554 584 2629 respicere....

291 2723 349 2789 21.
382 2733 421 2790 ib.
440 2733 525 2790 XXII
546 2736 597 2793 50.
639 2734 757 2792 Folium
780 2733 844 2793 eius
873 2724 928 2813 (sc.
956 2731 1067 2790 herbae
1094 2719 1372 2806 pseudoanchusae)

203 2819 325 2878 sinistra
344 2822 461 2896 decerpi
479 2821 583 2880 iubent
602 2823 691 2901 magi,
711 2827 742 2882 et
760 2823 863 2882 ouius
882 2839 991 2880 causa
1010 2823 1174 2878 sumatur
1192 2817 1251 2876 dici
1268 2817 1375 2876 tertia-

202 2908 307 2984 nisque
326 2909 459 2968 febribus
479 2911 645 2988 adalligari.

292 3079 350 3147 22.
382 3087 421 3146 ib.
441 3087 543 3145 XXIII
559 3091 631 3147 103.
664 3088 760 3146 Radix
779 3106 880 3146 eorum
900 3078 954 3167 (se.
968 3077 1130 3165 malorum)
1150 3085 1374 3160 circumscripta

204 3179 285 3231 terra
304 3194 395 3232 manu
415 3176 537 3234 sinistra
556 3177 681 3253 capitur,
699 3177 743 3236 ita
757 3180 792 3234 ut
806 3177 856 3252 qui
870 3175 901 3234 id
915 3177 1005 3234 faciet
1018 3175 1106 3248 dicat,
1126 3193 1235 3249 quare
1253 3174 1375 3249 capiat

203 3265 239 3318 et
258 3264 362 3322 cuius
381 3281 502 3340 causa,
522 3265 563 3322 sie
582 3265 746 3340 adalligata
764 3264 887 3323 strumis
906 3264 1050 3324 medetur.

293 3450 350 3520 23.
383 3459 422 3518 ib.
447 3459 545 3517 XXVI
571 3463 641 3520 116.
679 3459 827 3537 Buglosso
851 3460 1044 3536 Incrementa,
1072 3459 1188 3534 siquis
1212 3458 1375 3517 medullam

205 3567 240 3605 ex
259 3548 345 3606 caule
364 3547 476 3607 eximat
494 3548 631 3623 dicatque
650 3549 692 3606 ad
711 3569 814 3625 quem
834 3548 1061 3607 liberandum
1085 3547 1182 3606 febri
1204 3548 1239 3605 id
1262 3548 1375 3606 faciat

204 3637 235 3692 et
254 3636 359 3711 alliget
377 3637 405 3694 ei
424 3640 539 3712 septem
558 3638 630 3696 folia
649 3640 719 3697 ante
733 3639 939 3714 accessi0nem,
958 3637 1043 3696 aiunt
1061 3637 1139 3696 febri
1156 3636 1330 3696 liberari...

293 3824 351 3893 24.
383 3833 422 3892 ib.
440 3832 555 3892 XXVII
577 3835 647 3891 140.
659 3877 666 3891 .
677 3881 700 3892 ..
719 3833 907 3908 Praecipitur
924 3836 959 3892 ut
978 3833 1029 3910 qui
1047 3833 1169 3909 colligat
1188 3825 1242 3911 (sc.
1261 3827 1376 3914 θλάιπι

204 3922 252 3979 vel
271 3921 355 3980 νᾶπυ
375 3916 538 4003 περτικόν)
559 3922 638 3980 dicat
657 3941 796 3995 sumere
820 3941 856 3980 se
875 3925 1000 3981 contra
1019 3922 1171 3997 inguina
1189 3924 1225 3979 et
1247 3924 1376 3979 contra

205 4029 325 4070 omnes
345 4011 583 4070 collectiones
603 4013 637 4069 et
656 4015 782 4070 contra
800 4012 963 4086 vulnera,
982 4030 1042 4069 une
1060 4030 1152 4069 mauu
1170 4010 1267 4068 tollat.

294 4198 351 4265 25.
384 4207 422 4266 ib,
437 4206 567 4266 XXVIII
580 4209 632 4266 86.
647 4250 689 4265 ...
704 4207 750 4264 Ex
763 4208 882 4266 homine
896 4206 1042 4283 siquidem
1056 4207 1220 4283 resigmina
1230 4205 1375 4281 unguium

205 4311 222 4350 e
248 4295 373 4368 pedibus
402 4297 598 4373 manibusque
627 4314 694 4354 cera
721 4297 877 4372 permixta,
904 4295 949 4354 ita
975 4300 1010 4353 ut
1036 4296 1152 4354 dicatur
1177 4295 1375 4369 tertianae,

206 4384 407 4456 quartanae
426 4386 483 4446 rel
502 4385 711 4443 cotidianae
730 4385 826 4442 febri
844 4385 1043 4443 remedium
1061 4385 1201 4462 quaeri,
1220 4386 1289 4441 ante
1305 4383 1374 4440 sollo

207 4474 305 4530 ortum
323 4472 439 4530 alienae
457 4473 563 4532 ianuae
583 4473 675 4551 adfigi
693 4473 851 4533 iubent...
