3150 5152
499 322 712 378 Incantamenta
728 323 839 393 magica
857 341 959 394 graeca
977 323 1076 379 latina.
1310 323 1377 390 489

203 495 282 553 enim
307 493 468 554 adiuvandi
496 497 526 552 et
549 493 673 553 sanandi
701 493 851 553 artimino
879 513 945 552 cum
972 493 1097 552 nocendi
1125 495 1155 552 et
1186 494 1322 552 diruendi
1349 495 1380 555 vi

204 583 362 643 coniuncta
384 585 437 642 est.
480 583 564 642 Hanc
593 583 770 642 sententiam
794 584 881 640 acute
906 585 937 640 ct
960 582 1112 641 subtiliter
1135 581 1206 641 Otto
1226 582 1302 641 Iahn
1319 584 1339 641 l.
1359 584 1379 642 I.

203 671 367 749 eloquitur:
396 666 508 732 ‘Weau
530 690 600 731 mon
624 674 669 732 die
687 671 942 745 supportanda
965 670 1063 730 Ocrea
1090 673 1141 730 der
1163 670 1251 730 Alton
1278 672 1381 731 deneb-

201 763 276 835 pent,
295 761 326 820 ’so
344 763 419 820 wind
437 780 507 820 mea
525 763 631 834 finden,
651 763 721 821 dass
739 763 783 819 bei
801 763 892 819 ciuem
907 778 1026 834 procace
1042 761 1137 819 Tbeile
1152 762 1298 820 derselben
1316 763 1379 831 dea

203 869 266 909 eoos
283 849 411 918 schedel,
435 851 509 909 anch
528 851 620 923 Hillfe
642 852 762 923 bringeri
780 851 846 918 soll,
870 851 958 908 notet
981 850 1046 908 ectr
1064 851 1106 922 oft
1124 851 1215 909 durch
1237 852 1282 910 dic
1300 869 1379 909 wan,

204 941 373 999 derlielestcn
391 941 688 999 Idecaossoeiotioocot
701 939 859 1012 Surropute
870 939 1033 1011 peseboffcn
1046 941 1168 1007 werden,
1187 943 1271 999 enter
1289 941 1380 998 denen

203 1029 265 1087 sich
282 1031 329 1088 die
346 1029 511 1087 wirlcltelcea
529 1029 625 1101 Diope
643 1029 811 1088 verstcelccn.
842 1027 881 1085 So
900 1028 975 1086 auct
993 1029 1037 1086 bei
1051 1029 1105 1086 olen
1119 1031 1237 1087 meistea
1251 1029 1378 1087 Zeuber-

200 1118 394 1191 petronellae,
423 1119 481 1184 die,
509 1135 592 1175 neon
614 1119 655 1176 sie
682 1119 714 1176 in
742 1121 1018 1191 coepepenpesctatem
1044 1116 1135 1176 Since
1161 1135 1379 1191 eorpeuommea

202 1208 325 1273 werden
349 1209 404 1264 den
422 1207 538 1265 Zauber
557 1198 652 1266 lesen?
686 1205 781 1280 Saepe
804 1205 877 1264 haec
897 1205 994 1280 opinIo
1014 1205 1092 1281 apud
1113 1206 1272 1281 scriptores
1291 1207 1378 1265 huius

202 1295 378 1354 insanientis
404 1295 567 1370 sapientiae
595 1296 759 1362 enuntiata,
794 1295 847 1353 sed
869 1295 1002 1354 breviter
1025 1313 1194 1369 compressa
1216 1296 1247 1353 in
1269 1295 1346 1354 libro
1354 1287 1379 1374 1)

202 1384 461 1460 pseudepigrapho
500 1379 702 1456 Δημοκρίτου
746 1379 861 1456 φυεικὰ
899 1380 950 1441 καὶ
987 1378 1115 1456 μυετικύι
1151 1375 1311 1464 (synesius
1347 1384 1379 1440 in

202 1473 333 1531 Fabricii
350 1473 532 1532 bibliotheca
551 1466 639 1529 VIIIl
657 1493 685 1546 p.
703 1468 780 1551 233)
804 1475 959 1547 tamquam
982 1475 1073 1547 caput
1095 1472 1169 1530 artis
1199 1491 1299 1532 sacrae
1323 1473 1378 1549 est,

204 1579 223 1620 a
244 1580 334 1637 mago
359 1559 470 1620 Ostane
494 1561 525 1618 in
548 1561 661 1636 templo
679 1562 844 1636 proditum:
864 1555 1087 1634 ειινεγράψατο
1108 1557 1161 1637 [se.
1181 1555 1199 1618 ὁ
1219 1555 1377 1634 Δημόκρι-

203 1646 273 1726 τοε]
291 1646 353 1723 γὰρ
372 1645 459 1723 παρὰ
481 1649 540 1708 τού
560 1644 700 1723 μεγάλου
724 1644 895 1709 ’οετάνου·
921 1646 1043 1712 taetros
1069 1645 1130 1724 γὰρ
1149 1645 1189 1724 ἦν
1208 1649 1335 1722 πρῶτοε
1359 1644 1378 1708 ὁ

203 1733 332 1812 γράψαε
359 1733 409 1797 ὅτι
436 1735 455 1812 ἡ
483 1735 574 1813 φύειε
604 1740 641 1817 τῇ
665 1735 757 1811 φύεει
784 1735 933 1812 τέρπεται
959 1735 1010 1797 καὶ
1037 1734 1056 1812 ἡ
1085 1734 1177 1812 φύειε
1199 1736 1257 1813 τὴν
1283 1735 1378 1812 φύειν

203 1829 312 1902 κρατεῖ
321 1822 500 1902 καὶὴφύειε
509 1826 567 1902 τὴν
577 1824 672 1901 φύειν
683 1827 752 1906 νικᾷ
762 1824 813 1886 καὶ
822 1823 1000 1903 τὰὲξῆεςοῖ.
1009 1821 1377 1887 BertheIot‘Alchimistes

202 1911 301 1992 grecs’
311 1937 341 1992 p.
351 1918 393 1976 43
405 1921 435 1974 et
443 1937 472 1992 p.
482 1919 532 1989 57,
543 1917 638 1993 Riese,
649 1917 852 1992 Nechepsonis
863 1917 969 1994 fragm.
980 1916 1086 1974 Philol.
1097 1915 1200 1992 Snppl.
1210 1916 1255 1974 VI
1265 1937 1291 1991 p.
1304 1919 1378 1976 379.

291 2005 396 2082 Ipsum
414 2024 533 2064 carmen
552 2006 672 2064 exhibet
720 2050 722 2054 >

292 2087 352 2154 93.
385 2095 475 2153 Marc.
494 2094 621 2152 XXXVI
647 2093 695 2155 70.
734 2093 859 2154 Carmen
882 2095 1045 2168 idioticam,
1068 2095 1148 2171 quod
1171 2095 1264 2154 lenire
1287 2094 1378 2170 poda·

203 2203 290 2260 gram
310 2184 426 2260 dicitur,
446 2184 501 2242 sic:
520 2185 551 2241 in
565 2202 671 2242 manus
690 2187 760 2242 tuas
779 2202 945 2259 exspuas,
965 2187 1124 2258 antequam
1142 2202 1161 2241 a
1174 2185 1251 2242 lecto
1265 2186 1377 2242 terram

201 2292 290 2332 mane
309 2273 473 2348 contingas,
493 2276 524 2330 et
543 2292 561 2330 a
580 2273 703 2330 summis
726 2273 795 2332 talis
820 2276 851 2331 ct
868 2273 980 2348 plantis
1003 2291 1097 2348 usque
1117 2273 1154 2330 ad
1178 2290 1309 2332 summos
1335 2272 1377 2330 di-

202 2363 282 2438 gitos
300 2381 406 2419 manus
426 2362 515 2420 duces
535 2364 566 2418 et
584 2362 678 2419 dices:
702 2354 785 2436 ‘fuge
803 2361 873 2436 fuge
892 2361 1028 2436 podagra
1051 2364 1082 2418 et
1100 2362 1194 2420 omnis
1217 2380 1377 2420 nervorum

202 2451 288 2510 dolor
306 2451 343 2508 de
361 2450 487 2527 pedibus
505 2449 578 2509 meis
598 2452 629 2508 et
648 2450 784 2508 omnibus
808 2450 949 2508 membris
968 2442 1063 2516 mcis',
1091 2453 1144 2507 aut
1167 2450 1192 2507 si
1215 2449 1267 2507 alii
1292 2468 1375 2524 prae-

205 2543 317 2614 cantas,
342 2540 421 2598 dices
445 2532 548 2616 ‘illius
576 2559 663 2614 quem
686 2539 803 2615 peperit
825 2533 899 2598 illa’.
928 2531 1122 2596 ‘venerunt
1139 2557 1276 2597 veneno
1299 2538 1376 2596 vin-

202 2629 312 2706 citur,
340 2629 457 2688 saliva
484 2628 607 2686 ieiuna
634 2628 730 2686 vinci
756 2647 825 2685 non
852 2620 995 2703 potest'
1018 2629 1066 2685 ter
1089 2627 1169 2686 dices
1193 2629 1266 2686 haec
1286 2631 1316 2686 et
1339 2627 1377 2685 ad

203 2717 339 2792 singulas
357 2719 478 2794 plantas
496 2719 566 2775 tuas
584 2718 633 2777 vel
651 2717 742 2794 illius,
762 2717 809 2776 cui
827 2717 991 2790 medebere,
1011 2734 1127 2791 spues.

292 2806 403 2865 Sensus
422 2806 510 2864 huius
530 2807 668 2865 carminis
688 2808 785 2865 clarus
804 2809 862 2865 est:
881 2825 998 2865 omnem
1017 2805 1163 2863 fascinum
1181 2806 1257 2864 solvi
1276 2823 1377 2880 posse;

201 2914 350 2956 venenum
367 2896 424 2954 hoc
441 2896 515 2970 loco,
538 2899 572 2952 ut
595 2914 691 2970 saepe,
716 2895 865 2971 signifieat
887 2896 1040 2970 potionem
1067 2894 1220 2969 magicam,
1245 2895 1377 2953 fascinus

201 2984 314 3044 faseIno
334 2985 411 3044 solvi
429 2987 538 3058 potest,
563 2983 615 3042 sed
633 2984 728 3042 saliva
749 2985 849 3042 ieiuna
866 2986 928 3042 tam
951 2989 1058 3058 polens
1077 2982 1269 3059 validumque
1291 3002 1378 3042 vene-

201 3093 274 3131 num
296 3073 346 3133 vel
368 3074 552 3132 medicamen
578 3077 625 3132 est
648 3077 752 3132 eontra
774 3073 951 3148 podagram,
974 3074 1008 3129 ut
1032 3072 1168 3147 superari
1191 3089 1250 3130 non
1273 3072 1376 3146 possit.

202 3163 333 3220 Maxima
350 3164 398 3221 est
413 3163 490 3219 enim
504 3153 593 3239 viel),
612 3180 701 3237 quam
715 3162 854 3220 tribuunt
867 3161 1001 3219 homines
1017 3160 1217 3235 superstitiosi
1231 3160 1377 3235 spuendo,

201 3251 288 3309 nulla
305 3269 400 3326 paene
420 3251 498 3309 actio
517 3252 635 3326 magica
659 3252 722 3309 sine
741 3251 836 3309 saliva
858 3250 994 3308 efficitur.
1029 3255 1112 3308 lerna
1135 3251 1271 3323 despuere
1288 3267 1378 3322 pree-

202 3342 394 3399 dicationem
412 3343 491 3398 omni
508 3342 652 3398 modiciae
669 3357 731 3398 mos
754 3343 794 3398 cst
818 3344 902 3412 alone
920 3341 962 3397 ile
986 3340 1100 3410 effectas
1125 3340 1268 3397 adiuvare
1286 3329 1377 3417 (Pliu.

201 3428 334 3486 XXVIII
353 3420 423 3510 36)3
443 3432 533 3505 atque
552 3429 597 3488 ita
615 3447 633 3486 a
652 3428 761 3487 Plauto
781 3418 883 3508 (Capt.
904 3421 983 3507 550)
1002 3420 1136 3486 ‘morbus
1156 3427 1207 3503 qui
1226 3419 1376 3501 sputatur'

201 3523 458 3578 commemoratur.

288 3677 337 3736 Ad
355 3680 431 3737 hanc
449 3677 662 3755 cogitationem
686 3677 723 3738 de
747 3677 816 3738 utili
841 3683 872 3738 et
889 3678 978 3737 noxia
999 3680 1152 3754 potestate
1176 3675 1310 3736 ciusdem
1335 3676 1380 3734 rei

197 3768 321 3844 respicit
339 3787 458 3826 carmen

289 3848 350 3915 94.
383 3858 473 3916 Mare.
494 3856 568 3915 VIII
589 3859 661 3916 172.
690 3857 722 3916 Si
739 3858 835 3916 arista
853 3858 902 3916 vel
921 3858 1073 3935 quaelibet
1091 3854 1241 3919 sordicula
1259 3861 1379 3920 oculum

200 3946 294 4004 fuerit
320 3946 466 4023 ingressa,
495 3946 613 4005 occluso
642 3947 701 4005 alio
729 3948 814 4006 oculo
843 3947 966 4023 ipsoque
994 3949 1045 4025 qui
1069 3949 1149 4008 dolet
1172 3951 1323 4024 patefacto
1348 3953 1379 4008 et

201 4035 307 4110 digitis
330 4035 501 4094 medicinali
524 4054 557 4093 ae
580 4035 687 4109 pollice
706 4036 813 4095 leviter
831 4040 1015 4110 pertractato
1038 4041 1085 4096 ter
1107 4058 1161 4114 per
1185 4039 1306 4115 singula
1328 4040 1377 4097 de-

292 4226 318 4292 1)
339 4224 379 4276 De
399 4239 455 4291 quo
474 4223 537 4292 agIt
557 4221 660 4277 Usener
679 4223 707 4276 in
726 4223 815 4279 Rhen.
833 4242 902 4278 mus.
924 4224 977 4280 vol.
999 4224 1090 4280 XXVI
1109 4246 1136 4296 p.
1153 4233 1212 4283 157.

288 4296 315 4363 2)
334 4294 406 4348 Vide
430 4295 464 4348 de
488 4294 594 4348 salivae
616 4294 645 4348 vi
668 4294 780 4363 magica
802 4298 831 4349 et
858 4296 1020 4351 medicinali
1039 4297 1110 4352 Plin.
1140 4296 1257 4350 XXVIII
1280 4301 1314 4350 35
1326 4314 1376 4365 sq,

197 4365 268 4418 Iahu
287 4366 385 4420 ‘Boset
404 4364 495 4418 Blick’
516 4365 535 4419 l.
555 4384 578 4420 c.
597 4384 624 4434 p.
640 4370 674 4419 83
683 4383 737 4433 sq.,
756 4364 840 4420 Xehr.
861 4375 968 4437 quaest.
988 4367 1089 4437 magio.
1109 4389 1136 4438 p.
1152 4375 1246 4435 lesq,
1270 4368 1377 4422 Grimm

200 4436 355 4490 ‘Deutsche
370 4435 555 4505 Mythologie'
572 4436 611 4491 11⁴
629 4455 656 4506 p,
671 4442 731 4493 923.
751 4440 780 4491 et
797 4436 850 4490 ΙΙΙ4
868 4456 895 4506 p.
910 4444 980 4508 319,
1000 4439 1118 4493 Wuttlre
1133 4441 1151 4492 1.
1166 4440 1184 4492 1.
1204 4445 1294 4502 5261.
1313 4445 1376 4505 ete,

199 4505 269 4562 Sittl
288 4505 459 4562 ‘Gabarden’
479 4526 506 4576 p.
523 4512 582 4562 117.
727 4512 733 4525 '
