3150 5152
495 296 707 353 Incantamenta
725 296 839 367 magica
857 312 959 366 graeca
976 296 1075 354 latina.
1309 298 1375 364 485

151 467 153 472 '
198 460 251 546 (so.
271 461 404 525 λέοντος
423 464 486 527 sive
505 457 739 546 bcupote'ovru)
760 463 869 541 λαβὼν
883 463 980 526 πέντε
995 461 1141 541 (impura,
1160 462 1373 542 Ζωγρὰφηιον

197 551 234 615 ἐν
254 549 363 614 αὐτοῖς
378 548 447 614 ’ἀπὸ
462 546 666 635 κρηταρίουῑ)
685 553 704 629 ἢ
720 549 785 614 ἀπὸ
800 548 900 615 ἄλλου
915 552 1002 615 τινὸς
1017 555 1131 616 λευκοῦ
1146 553 1204 617 τὸν
1217 553 1375 631 Ἡρακλέα

199 640 356 715 πνίγοντα
376 640 494 704 λέοντα
513 639 563 703 καὶ
582 638 708 704 ἀπόθου
727 640 763 703 ἐν
781 644 851 704 ταῖς
870 639 1000 715 γωνίαι(
1019 641 1070 704 καὶ
1090 643 1168 705 κατὰ
1188 643 1291 719 μέεαυ.
1330 647 1374 705 De

198 733 306 808 quibus
324 732 462 792 Herculis
481 734 598 792 leonem
617 733 790 792 suffocantis
808 732 989 810 imaginibus
1009 734 1041 792 in
1060 734 1171 794 tabulis
1189 735 1374 811 gemmisque

133 843 136 847 ’
200 822 281 880 haud
307 841 376 881 raro
401 823 530 897 repertis
562 823 622 880 iam
650 825 739 881 antea
761 843 790 898 p.
804 824 867 881 481
890 821 956 880 dixi.
993 821 1147 884 Adversus
1172 823 1278 883 κῶλον
1298 843 1374 883 oom-

197 910 319 971 mendat
341 909 420 968 idem
443 911 607 970 remedium
637 911 720 970 Alex.
741 911 830 971 Trall.
854 910 885 969 ΙΙ
903 930 931 984 p.
948 912 1020 970 377.
1049 906 1093 971 εἰ(
1121 907 1211 972 λίθον
1231 909 1374 986 Μηδικὸν

198 995 327 1073 γλύψον
351 994 508 1073 Ἡρακλέα
531 995 630 1074 ὀρθὸν
656 995 812 1071 πνίγαντα
838 996 1025 1060 λέοντα...
1062 999 1165 1060 Simile
1194 1005 1240 1061 est
1259 1002 1375 1078 experi-

181 1115 183 1120 ·
200 1090 335 1147 mentum
355 1088 509 1169 magicum
523 1090 561 1148 ad
580 1108 665 1150 uvas.
679 1090 710 1147 in
727 1090 829 1149 vineto
849 1089 1019 1162 servandas,
1044 1090 1123 1165 quod
1145 1089 1241 1149 tradit
1258 1091 1374 1150 Plinius

198 1177 301 1236 XVIII
321 1179 394 1238 294.
438 1179 533 1237 Varro
552 1183 652 1238 auctor
671 1183 719 1246 cst,
742 1181 769 1238 st
787 1179 939 1238 Fidicutac
964 1196 1075 1247 occasa,
1105 1181 1181 1252 qaod
1203 1185 1243 1239 est
1259 1183 1376 1239 tatttauc

201 1269 358 1341 auctumni,
376 1285 435 1326 acu
448 1269 531 1340 picta
550 1272 726 1327 consecretur
748 1269 823 1326 tuter
845 1270 1040 1334 attestatum
1062 1285 1162 1327 accere
1184 1273 1375 1342 amputata·

200 1356 279 1431 quod
303 1356 393 1414 etiam
418 1355 547 1431 Geopon.
567 1357 582 1414 I
603 1359 653 1435 14,
679 1358 720 1416 10
748 1356 803 1415 sub
827 1355 936 1432 Apulei
958 1356 1085 1415 Romani
1106 1354 1225 1416 nomine
1249 1361 1279 1416 et
1300 1357 1375 1417 Geo-

199 1445 371 1519 ponioorum
399 1446 496 1507 versio
526 1444 648 1522 Syriaca
676 1446 720 1504 ed.
745 1445 883 1521 Lagarde
910 1445 971 1504 VII
998 1447 1016 1504 7
1045 1446 1165 1507 habent.
1216 1447 1317 1523 Atque
1344 1447 1375 1504 in

203 1533 349 1592 amatoria
375 1537 462 1610 parte
490 1535 564 1594 artis
591 1535 726 1611 magicae
753 1535 802 1593 hic
830 1554 902 1594 usus
934 1528 1099 1593 ‘similium'
1127 1553 1188 1597 non
1215 1536 1313 1612 deest,
1340 1538 1376 1594 ut

201 1622 324 1682 Theocr.
343 1622 374 1682 H
394 1625 434 1682 28
447 1642 490 1700 sq.
509 1624 710 1683 demonstrat:

345 1742 389 1807 ὼ(
408 1747 525 1807 τοῦτον
543 1744 601 1808 τὸν
620 1744 718 1822 κηρὸν
737 1743 801 1828 ἐγὼ
821 1745 877 1808 ctu
896 1742 1022 1823 δαίμονι
1040 1743 1136 1827 τάκαι,

345 1831 389 1896 rin
408 1831 528 1896 τάκοιθ’
546 1831 601 1896 ὑπ’
619 1832 740 1910 ἔρωτα(
759 1831 777 1895 ὁ
797 1832 940 1897 Μύνδιος
959 1833 1070 1897 αὐτίκα
1089 1835 1224 1912 neem

198 1980 276 2056 quod
295 1979 449 2056 VergiIIus
470 1972 537 2058 (ecl.
556 1979 631 2038 VIII
651 1971 708 2057 80)
727 1983 864 2039 accurate
883 1982 1053 2040 transtulit:

411 2124 498 2182 timos
515 2126 549 2180 at
564 2122 610 2181 tto
629 2124 754 2182 durescit
771 2127 797 2180 et
813 2123 883 2181 toeo
900 2128 933 2182 at
950 2140 1017 2183 cera
1035 2125 1163 2197 liquescit

412 2229 470 2271 asae
489 2212 638 2285 codemque
656 2214 726 2286 ipat,
745 2213 787 2271 stc
804 2216 901 2272 nostre
920 2213 1056 2287 Daptmte
1075 2231 1181 2273 umore.

289 2441 348 2502 Sed
366 2444 405 2502 ad
418 2441 596 2502 medicinam
609 2445 772 2518 vertamur,
791 2443 843 2502 ubi
861 2443 939 2502 banc
958 2442 1147 2519 sententiam,
1168 2444 1280 2504 similia
1298 2445 1378 2503 eimi-

201 2532 281 2592 libus
301 2533 414 2606 sanari,
442 2551 531 2609 saepe
548 2533 684 2592 videmus
714 2533 751 2592 ab
777 2532 1013 2592 incantatoribus
1038 2552 1157 2611 quoque
1176 2533 1375 2593 observatam.

291 2613 348 2681 76.
385 2621 462 2681 Ptin.
489 2621 620 2680 XXVIII
647 2623 698 2682 42.
741 2621 850 2680 Partus
883 2622 1030 2681 accelerat
1061 2620 1109 2680 hio
1140 2640 1219 2700 mas,
1251 2641 1288 2682 ex
1319 2643 1376 2698 quo

200 2729 336 2786 quaeque
359 2712 540 2786 conceperit,
567 2712 592 2770 si
616 2711 717 2770 cinctu
740 2730 795 2770 suo
820 2711 918 2770 soluto
941 2712 1082 2770 feminam
1106 2712 1246 2789 cinxerit,
1270 2711 1376 2770 deinde

201 2799 326 2859 solverit
344 2800 461 2860 adiecta
483 2800 654 2876 precatione
679 2819 715 2860 se
737 2800 910 2876 vinxisse,
935 2801 1085 2860 eundem
1109 2804 1143 2860 et
1167 2801 1377 2861 soluturum

200 2891 290 2965 atque
310 2889 427 2949 abierit.
462 2941 469 2954 χ
533 2939 536 2946 .

292 3057 347 3126 77.
386 3067 499 3136 Quibus
519 3067 628 3126 similia
647 3065 1056 3156 affertOvid.fast.111255
1077 3066 1113 3126 de
1127 3059 1281 3146 5ααὶααῖ),
1300 3085 1377 3143 quae

201 3155 238 3213 ari
256 3156 475 3231 parturientem
493 3155 594 3215 adeat:

333 3279 433 3338 dicite:
454 3272 499 3338 ‘tu
517 3280 603 3339 nobis
621 3281 728 3356 lucem,
747 3278 869 3358 Lucina,
888 3274 1015 3358 dedisti,’

384 3368 486 3427 dicite:
507 3361 551 3427 ‘tu
570 3371 640 3430 voto
659 3369 855 3444 parturientis
874 3363 965 3429 ades'.

336 3457 361 3515 si
379 3476 439 3532 qua
457 3461 557 3516 tamen
576 3457 701 3536 gravida
720 3460 775 3535 est,
793 3460 926 3517 resoluto
946 3458 1026 3517 crine
1045 3461 1192 3534 precetur,

385 3549 426 3604 ut
448 3547 568 3606 solvet
586 3550 712 3624 partus
731 3547 895 3607 molliter
913 3549 980 3606 illa
999 3565 1091 3608 suos.

919 3675 932 3707 δ

290 3760 403 3819 Eadem
422 3763 468 3819 est
486 3759 563 3819 aetio
587 3764 617 3820 et
634 3761 798 3820 incantatio
823 3779 842 3820 a
864 3760 954 3820 Sexto
977 3760 1090 3822 Placito
1116 3760 1293 3836 Papyriensi
1317 3764 1377 3819 tra·

202 3849 264 3908 dita
284 3842 322 3928 (c.
342 3848 430 3907 XVII
449 3851 488 3907 12
508 3870 536 3925 p.
552 3850 594 3911 55
614 3843 777 3929 Ackerm.).

293 3931 349 3998 78.
395 3937 438 3997 Ut
469 3939 577 3998 mulier
606 3939 761 4015 concipiat.
785 3940 873 3998 homo
906 3938 953 3999 vir
981 3939 1006 3996 si
1035 3939 1134 4000 solvat
1162 3938 1377 3998 semicinctium

293 4134 319 4196 1)
338 4124 399 4181 cod.
418 4126 569 4196 xprruptou,
589 4127 637 4180 sed
656 4125 727 4180 latet
745 4143 848 4181 nomen
866 4127 996 4194 latinum,
1015 4128 1060 4196 (=
1080 4125 1145 4180 stilo
1166 4126 1305 4194 cretario).

292 4201 320 4265 2)
338 4198 382 4250 Ad
409 4199 520 4266 partum
548 4196 738 4252 adiuvandum
766 4199 842 4266 apud
867 4198 988 4252 nutrices
1017 4201 1046 4252 et
1074 4195 1238 4252 obstetrices
1271 4198 1377 4265 ἐπῳδαὶ

201 4267 348 4337 florebant,
368 4271 400 4322 ut
418 4285 434 4322 e
452 4269 577 4323 Platonis
597 4269 713 4323 Theaet.
735 4274 810 4323 1490
829 4270 934 4323 elucet:
958 4271 1003 4323 καὶ
1022 4272 1076 4336 μὴν
1095 4272 1140 4322 καὶ
1159 4267 1281 4322 διδοῠεαί
1298 4284 1330 4331 γε
1350 4268 1377 4321 αἱ

200 4345 275 4404 μαῖαι
294 4341 437 4406 φαρμάκια
456 4343 501 4393 καὶ
520 4342 669 4411 tuebuntur
688 4341 820 4394 δύνανται
838 4340 954 4408 ἐγείρειν
972 4357 1003 4395 τε
1021 4342 1071 4394 τὰ(
1089 4340 1191 4394 ὠδῖνα(
1210 4341 1254 4391 καί
1274 4342 1375 4404 μαλθα-

200 4410 323 4477 κωτέρα(
341 4412 381 4465 ὠν
401 4413 435 4464 ἂν
455 4413 609 4477 βούλωνται
626 4418 723 4466 ποιεῖν.
740 4452 769 4466 ..
817 4411 910 4479 Atque
933 4409 1048 4480 ilithyia
1071 4410 1134 4479 ipsa
1156 4409 1374 4465 incantamentis

198 4496 250 4534 usa
269 4482 324 4548 est;
344 4481 378 4537 of.
399 4481 449 4538 Ov.
468 4486 535 4540 met.
555 4485 592 4538 IX
611 4489 671 4539 298.
704 4483 791 4539 tacita
808 4498 912 4552 quoquc
931 4484 1056 4537 carmina
1074 4497 1136 4537 oocc
1155 4480 1249 4537 Dicte.
1301 4549 1302 4554 ἵ
