3150 5152
196 309 262 374 490
658 308 793 363 Ricardus
812 309 906 363 Heim:

199 499 308 556 spuens
327 479 421 538 dices:
441 472 494 538 ‘os
515 477 694 553 Gorgonis
713 470 845 553 hasi0’;
864 477 919 534 hoc
939 476 1017 534 idem
1034 495 1154 534 carmen
1168 477 1194 534 si
1207 481 1254 535 ter
1268 477 1371 536 novies

199 570 324 644 dicatur,
343 567 434 626 etiam
454 568 491 626 de
508 568 645 626 faucibus
665 566 792 625 hominis
811 567 859 625 rel
877 565 1003 623 iumenti
1026 584 1058 623 os
1083 569 1135 624 aut
1153 567 1178 623 si
1197 567 1269 642 quid
1288 567 1372 625 aliud

201 657 342 732 haeserit,
361 659 500 732 potenter
519 657 629 714 eximit.

287 746 432 804 Primitus
455 745 547 821 capiti
570 745 717 821 Gorgonis
742 745 839 802 inerat
858 743 903 801 vis
911 735 936 822 ¹)
955 761 1154 803 averruncans
1173 747 1322 802 venenum
1341 749 1372 803 et

197 836 323 910 malum,
350 834 453 910 itaqua
480 835 618 894 omnihus
643 833 716 893 locis
746 830 937 906 Γοργονεῑον
967 833 1112 890 insertum
1140 833 1290 905 videmus,
1320 834 1373 892 ubi

202 918 424 997 ἀποτρόπαιον
447 924 648 982 necessarium
676 925 754 994 erat,
781 922 813 980 in
840 922 942 998 muris,
968 922 1072 997 portis,
1096 922 1241 998 domibus,
1260 923 1374 981 instru-

197 1013 306 1071 mentis
325 1012 506 1086 domesticis,
531 1013 631 1087 armis,
655 1011 775 1071 vestitu.
809 1010 866 1069 Sed
886 1013 976 1069 etiam
995 1011 1056 1069 vim
1075 1011 1265 1087 contrariam,
1291 1012 1371 1070 salu-

197 1102 283 1161 brem
310 1106 401 1177 atque
434 1102 538 1159 utilem
572 1101 661 1159 simul
688 1101 720 1157 in
748 1119 779 1158 se
808 1100 972 1174 coniunxit3
1002 1101 1081 1175 quod
1113 1101 1250 1179 mythus,
1282 1120 1372 1176 quem

201 1189 315 1249 Creusa
328 1192 359 1248 in
373 1190 525 1264 Euripidis
539 1190 611 1248 Ione
627 1181 668 1271 (v.
685 1190 769 1248 1003
781 1207 822 1264 sq.
834 1180 886 1269 K.)
900 1191 1011 1265 narrat,
1028 1188 1219 1248 demonstrat.
1252 1190 1375 1248 Athena

199 1280 292 1357 enirn,
319 1299 395 1355 quae
420 1277 560 1354 Gorgona
582 1280 785 1351 interfecerat,
819 1278 1012 1336 Erichthonio
1037 1277 1099 1337 filio
1130 1297 1183 1337 suo
1212 1275 1372 1355 χρύεωμα,

199 1365 339 1427 παλαιὸν
358 1362 500 1442 ὄργανον
519 1367 613 1443 dedit,
633 1369 712 1445 quod
726 1367 874 1426 continuit
889 1364 1010 1425 διεεοὺε
1025 1364 1224 1440 (ταλαγμοὺε
1238 1363 1372 1440 αἵματοε

203 1455 341 1531 Γοργοῦε
360 1451 425 1516 ἄπο
441 1449 482 1537 (v.
500 1450 599 1536 1009)
619 1455 748 1531 τὸνμὲν
763 1450 943 1533 θανάτιμον,
962 1453 1020 1514 τὸν
1034 1450 1253 1530 δ’ἀκεεφόρον
1267 1451 1372 1515 νόεων

200 1539 241 1624 (v.
261 1538 372 1627 1011),
392 1565 519 1622 quarum
533 1564 593 1604 una
611 1546 694 1605 stilla
710 1541 823 1604 νότου(
838 1539 982 1618 ἀπείργει
1001 1541 1051 1603 καὶ
1069 1540 1194 1618 τροφὰς
1217 1539 1285 1617 ἔχει
1305 1541 1375 1620 βίον

204 1627 246 1716 (v.
259 1630 369 1714 1019),
383 1636 480 1693 altera
493 1629 615 1708 κτείνει,
631 1629 816 1708 δρακόντων
832 1629 879 1692 io<
894 1630 940 1692 ὢν
954 1633 1020 1693 τῶν
1037 1629 1196 1705 Γοργόνος
1210 1625 1376 1714 (π1021).

201 1724 261 1782 Sed
286 1725 365 1782 dicat
388 1723 552 1800 quispiam,
575 1725 713 1783 morbum
730 1723 873 1782 Medusae
895 1723 944 1782 vel
965 1722 1112 1798 Gorgonis
1136 1723 1234 1798 capite
1253 1723 1377 1798 depelli,

201 1831 381 1888 quamquam
395 1812 480 1870 illam
493 1814 675 1888 potestatem
688 1812 836 1887 imprimis
848 1809 1039 1884 Γοργονεῖον
1049 1812 1160 1870 habere
1173 1812 1376 1886 superstitiosi

200 1902 357 1977 putabant,
382 1905 482 1959 tamen
507 1901 580 1960 haec
611 1902 762 1960 sententia
782 1901 814 1958 in
839 1902 896 1959 hoe
919 1901 1053 1960 Marcelli
1081 1919 1202 1959 carmen
1230 1894 1274 1959 ‘os
1299 1900 1376 1960 Gor-

202 1991 289 2066 gonis
316 1984 411 2048 basio’
442 1990 531 2064 plane
555 2010 615 2049 non
643 1990 778 2065 quadrat.
808 2009 846 2048 an
873 1989 941 2065 quis
969 1991 1079 2048 audeat
1106 1988 1259 2067 Gorgona,
1290 1991 1376 2049 cuius

201 2082 323 2154 aspectu
348 2077 449 2137 omnia
475 2078 506 2136 in
532 2098 637 2137 saxum
660 2082 881 2152 convertantur,
903 2079 1043 2138 basiare?
1068 2079 1135 2154 ille,
1159 2080 1212 2154 qui
1235 2080 1290 2137 hoc
1313 2097 1376 2137 car-

203 2169 283 2226 mine
306 2186 379 2226 usus
402 2170 462 2245 est,
485 2172 566 2226 certe
590 2167 757 2227 confidebat
784 2167 900 2227 viribus
929 2168 1114 2240 salubribus,
1140 2186 1200 2226 non
1223 2168 1376 2242 pestiferis

201 2256 283 2315 illius
302 2257 435 2315 remedii.

293 2415 351 2474 Sed
370 2417 461 2475 etiam
481 2435 613 2494 carmen,
636 2418 715 2492 quod
733 2417 842 2475 nititur
864 2418 895 2474 in
918 2416 1068 2476 contraria
1089 2419 1240 2492 potestate
1260 2414 1376 2491 Γοργο-

202 2500 299 2581 urion,
318 2505 419 2582 prodit
437 2506 598 2565 memoriae

290 2588 349 2653 95.
383 2594 472 2653 Marc.
491 2594 547 2651 XV
568 2596 640 2653 108.
676 2593 724 2652 Ad
743 2613 777 2655 os
796 2596 860 2654 sive
878 2594 950 2671 quid
973 2595 1056 2653 aliud
1074 2595 1206 2653 haeserit
1230 2595 1379 2672 fauoihuS,

204 2684 235 2741 hi
254 2701 359 2743 versus
378 2682 426 2740 vel
445 2683 562 2741 dicendi
579 2684 612 2741 iu
630 2702 733 2742 aurem
759 2684 824 2742 eius
843 2685 896 2759 qui
914 2684 1092 2742 offocahitur
1109 2684 1158 2742 vel
1180 2685 1328 2744 scribendi
1345 2684 1376 2742 in

201 2771 319 2847 charta,
338 2789 415 2848 quae
434 2771 472 2829 ad
489 2772 599 2829 collum
618 2773 681 2831 eius
707 2773 768 2832 lino
787 2773 942 2849 alligetur,
962 2793 1020 2849 quo
1039 2773 1170 2832 remedio
1194 2774 1270 2832 nihil
1292 2793 1377 2848 prae·

203 2861 344 2919 stantius:

414 2943 473 3022 Μή
491 2971 541 3026 μοι
558 2949 702 3029 Γοργείην
719 2943 854 3027 κεφαλὴν
873 2950 983 3010 δεινοῖο
1001 2945 1135 3029 πελώρου

414 3033 556 3110 cyning
574 3037 717 3116 πέμψειεν
736 3033 841 3117 ἐπαινὴ
861 3033 1073 3117 Περσεφόνεια.
1101 3037 1170 3119 (od.
1185 3039 1203 3098 λ
1220 3043 1283 3100 634
1293 3033 1351 3119 sq.)

293 3163 352 3222 Sed
375 3163 530 3222 redeamus
557 3165 595 3222 ad
617 3164 759 3222 similium
782 3165 813 3224 in
836 3185 870 3224 re
892 3165 1009 3242 magica
1031 3165 1105 3242 vim,
1132 3184 1167 3223 ex
1190 3165 1294 3223 eadem
1314 3184 1377 3223 sen-

205 3252 302 3311 tentia
320 3255 400 3311 certe
419 3253 608 3312 exoriebatur
625 3253 701 3312 illud
720 3256 799 3331 quod
817 3255 849 3312 in
867 3255 970 3313 multis
989 3254 1213 3313 medicamentis
1236 3257 1376 3329 apparet:

202 3342 450 3416 quemadmodum
477 3361 620 3401 numerus
648 3344 851 3403 adhibiturum
880 3363 978 3402 rerum
1002 3344 1112 3402 sensim
1139 3344 1303 3416 minuatur,
1334 3342 1376 3398 ita

204 3431 295 3489 etiam
309 3431 447 3490 morbum
456 3433 633 3491 decrescere.
657 3431 757 3491 Unum
772 3433 939 3508 exemplum
955 3432 1097 3492 sufficiat:
1112 3433 1202 3490 Marc.
1211 3429 1315 3488 XXIII
1325 3431 1376 3488 55.

202 3518 253 3579 Ad
270 3522 378 3596 splenis
401 3522 526 3580 dolorem
543 3523 701 3580 remedium
720 3525 863 3596 cereptum
885 3525 941 3580 sic:
964 3525 1088 3595 quiaque
1111 3524 1208 3594 capitu
1232 3521 1288 3578 alei
1313 3520 1376 3577 dili-

203 3614 303 3682 ρειιίεν
320 3612 352 3668 iu
368 3629 465 3683 ριιιιιπ
473 3613 597 3684 purgati
608 3628 665 3684 per
684 3613 745 3670 dies
758 3616 863 3684 septem
882 3612 987 3670 ἰιειιοεο
1001 3612 1208 3670 munducauda
1227 3610 1319 3674 dahis,
1333 3611 1376 3666 ita
1410 3612 1415 3620 '

202 3702 235 3756 at
246 3701 346 3771 prc'mo
364 3701 410 3757 die
426 3717 524 3772 granu
540 3698 656 3758 XXXI
673 3702 802 3758 comedut
818 3703 941 3767 ιἐιιιιιιιε,
960 3701 1083 3759 secando
1098 3701 1144 3759 die
1154 3715 1252 3772 ρνιιιια
1272 3696 1374 3762 XXV,

203 3790 283 3846 tertr'o
299 3788 450 3855 XVIIII,
464 3793 566 3861 quarto
581 3789 652 3856 XV,
666 3792 764 3861 quieto
784 3789 842 3855 XI,
861 3795 938 3848 secto
958 3790 1073 3856 VIIII,
1091 3790 1208 3860 septr'mo
1229 3786 1298 3843 VII
1295 3829 1377 3852 .....

291 3875 376 3935 Idem
395 3878 499 3936 medus
513 3878 659 3954 mysticus
677 3878 756 3936 inest
773 3878 804 3934 in
821 3877 999 3952 quibusdam
1017 3876 1163 3951 formulis,
1182 3894 1258 3950 quae
1277 3875 1365 3933 incan

202 3967 321 4042 tantur,
341 3969 376 4023 ut

292 4047 351 4113 96.
377 4055 467 4114 Marc.
477 4055 532 4113 XV
545 4058 616 4116 102.
636 4054 800 4114 Glandulas
810 4074 897 4113 mane
907 4055 1095 4130 carminabis,
1110 4053 1136 4111 si
1145 4053 1208 4111 dies
1218 4053 1378 4124 minuetur,

204 4145 230 4205 si
247 4164 315 4220 nox,
343 4144 381 4202 ad
404 4163 561 4220 vesperam
588 4147 619 4202 et
643 4143 737 4220 digito
761 4145 930 4203 medicinali
957 4162 991 4201 ao
1013 4141 1120 4217 pollice
1144 4143 1298 4200 continens
1326 4161 1376 4200 eas

204 4235 296 4293 dices:
328 4227 464 4292 ‘novem
483 4233 680 4310 glandulae
700 4252 858 4310 sorores,
889 4235 971 4292 octo
995 4231 1194 4307 glandulae
1219 4250 1377 4308 sorores,

248 4424 322 4546 16915)
342 4423 381 4477 cf.
405 4421 475 4474 Iahn
497 4421 516 4475 l.
535 4419 554 4475 i.
577 4440 604 4489 p.
624 4425 720 4488 59sq.,
747 4420 871 4474 Roscher
891 4417 1025 4473 ‘Lexioon
1048 4418 1098 4473 der
1120 4418 1307 4489 Mythologie’
1328 4419 1376 4472 12

203 4513 230 4563 n·
326 4513 367 4562 sn·
847 4506 853 4515 ·
