3150 5152
518 287 731 343 Incantamenta
747 291 860 358 magica
877 305 980 359 graeca
998 289 1095 344 latina.
1326 285 1391 358 545

307 456 440 514 Eandem
459 455 702 530 aequabilitatem
722 461 753 516 et
771 457 970 516 constantiam
984 463 1174 518 assonantem
1188 461 1390 520 membrorum

219 545 354 604 videmus
372 545 403 603 in
423 545 564 604 Marcello
582 543 639 602 XV
655 547 693 604 11
705 539 742 626 ¹):

374 633 400 692 si
418 633 505 692 hodie
523 637 609 709 nata,
628 633 654 692 si
673 638 742 692 ante
760 637 846 712 nata,

373 723 398 780 si
416 722 504 780 hodie
523 725 636 799 creata,
656 723 682 781 si
700 725 770 782 ante
788 727 902 801 creata,

374 813 450 869 hanc
468 813 615 888 pestem,
634 812 709 870 hanc
728 812 963 887 pestilentiam,

371 902 450 958 hunc
468 900 631 975 dolorem,
650 901 728 969 hunc
746 904 935 979 tumorem,
953 903 1032 961 hunc
1051 904 1232 978 ruborem,

370 989 425 1047 has
444 989 551 1063 toles,
570 989 624 1047 has
643 988 786 1066 tosillas,
823 1027 824 1031 =

369 1078 445 1137 hanc
465 1081 644 1153 strumam,
662 1077 739 1136 hanc
758 1080 982 1157 strumellam,

364 1167 441 1226 hanc
459 1165 649 1240 religionem,

369 1273 464 1315 evoco
483 1256 580 1313 educo
600 1258 745 1330 excanto,

368 1344 404 1403 de
422 1343 489 1403 istis
508 1343 671 1420 membris,
690 1343 847 1404 medullis.

87 1505 91 1514 .
212 1457 243 1512 91
261 1452 350 1511 Μ919.
364 1450 419 1509 XV
436 1453 507 1511 101.

367 1539 484 1598 albula
501 1539 671 1615 glandula,

366 1647 421 1687 nec
440 1628 568 1703 doleas,
587 1645 642 1686 nec
659 1646 796 1701 noceas,
876 1631 879 1636 ’

365 1717 420 1776 999
438 1717 601 1792 paniculas
619 1716 739 1790 facias,

366 1807 417 1866 sed
436 1806 593 1880 liquescas
611 1807 764 1879 tamquam
785 1805 857 1877 salis
876 1807 907 1864 in
926 1825 1012 1882 aqua.

209 1908 334 1974 ‘albula'
352 1915 475 1990 propter
494 1912 696 1971 assonantiam
716 1930 752 1970 ex
771 1905 864 1971 ‘alba'
882 1914 1026 1974 vocabulo
1051 1916 1225 1990 corruptum
1250 1935 1313 1975 esse
1337 1917 1380 1976 vi-

209 2004 311 2080 detur,
329 2003 366 2063 cf.
380 2003 459 2060 infra
477 2021 505 2076 p.
521 2002 583 2061 557
604 2000 858 2060 incantamentum
873 2021 889 2060 9
904 2003 967 2062 cod.
981 2002 1023 2062 St.
1039 2002 1118 2063 Galli
1134 2002 1194 2064 951
1212 2008 1380 2080 sumptum:

364 2110 402 2150 ne
420 2089 533 2162 doleat,
552 2108 589 2148 ne
607 2091 727 2165 noceat,
747 2090 799 2148 sed
817 2091 931 2150 redeat.

294 2193 539 2271 Ὁμοιοτὲλευτα
557 2200 589 2256 in
607 2198 653 2256 his
673 2197 854 2257 carminibus
873 2217 943 2258 rara
965 2219 1025 2259 non
1049 2203 1131 2260 sunt:
1156 2201 1247 2260 Marc.
1267 2202 1336 2259 XXI
1359 2204 1377 2261 3

207 2291 238 2346 et
257 2286 387 2345 XXVIII
404 2289 452 2346 16.

361 2378 496 2451 pastores
516 2379 547 2434 te
565 2375 779 2446 invenerunt,

361 2465 424 2524 sine
443 2464 581 2522 manibus
600 2463 820 2540 collegerunt,

360 2554 423 2612 sine
442 2553 507 2612 foco
526 2555 703 2628 coxerunt,

360 2642 424 2701 sine
443 2641 582 2701 dentibus
602 2641 832 2717 comederunt,

203 2750 260 2826 hic,
270 2752 305 2808 91
314 2767 402 2824 saepe
411 2749 443 2806 in
452 2749 500 2807 his
507 2749 597 2807 rebus
605 2741 762 2806 ἀεύνδετα
769 2747 965 2806 animadverti
973 2751 1108 2825 possunt,
1120 2749 1157 2808 cf.
1164 2749 1253 2809 Marc.
1260 2750 1314 2807 XX
1322 2753 1376 2810 78:

358 2839 447 2914 lupus
466 2837 544 2896 ibat
562 2855 616 2912 per
634 2836 728 2911 viam,
746 2855 801 2912 per
821 2836 972 2912 semitam,

357 2927 450 2986 cruda
467 2926 619 3000 vorabat,
638 2925 751 3000 liquida
770 2925 914 2984 bibebat

201 3032 240 3091 ib.
255 3032 331 3090 VIII
348 3035 419 3092 199.

355 3127 392 3180 rie
411 3121 552 3180 lacrimus
572 3124 690 3196 exeat,

355 3229 392 3268 ne
412 3210 549 3287 extillet,
568 3228 609 3268 ne
627 3212 768 3284 noceat,

200 3316 236 3374 cf.
256 3316 333 3374 infra
350 3336 379 3392 p.
395 3317 458 3376 559
478 3316 509 3374 in
528 3315 598 3375 eod.
611 3315 654 3374 St.
671 3314 750 3374 Galli
765 3316 839 3376 951.

356 3406 417 3463 tres
437 3423 553 3464 sorores
572 3404 799 3479 ambulabant,

352 3513 413 3551 una
431 3494 605 3569 volvebat,

357 3581 417 3641 alia
436 3583 607 3658 cernebat,

355 3671 447 3729 tertia
466 3671 627 3731 solvebat.

289 3777 347 3836 Sed
369 3776 438 3834 rimi
460 3795 518 3839 non
542 3777 664 3866 desunt3
689 3775 769 3851 apud
792 3776 959 3854 Vergilium
979 3777 1032 3836 991·
1048 3777 1122 3836 VIII
1138 3781 1193 3854 79,
1222 3781 1274 3839 ubi
1294 3781 1370 3840 Voss

199 3868 259 3924 iam
273 3868 353 3925 recte
372 3866 473 3938 sensit,
491 3864 736 3924 alIItterationem
750 3865 849 3924 studio
865 3865 1031 3942 quaesitam
1046 3885 1120 3943 esse,
1139 3886 1205 3926 cum
1221 3871 1371 3944 pertineat

200 3956 237 4014 ad
256 3954 500 4015 consuetudinem
518 3955 550 4013 in
568 3955 634 4013 arte
652 3956 768 4030 magica
786 3955 986 4031 observatam,
1005 3955 1128 4031 legitur:

331 4044 420 4102 limus
439 4047 474 4102 ut
492 4043 540 4103 hic
559 4043 714 4103 durescit
733 4050 763 4102 et
781 4045 854 4103 haec
872 4047 907 4102 91
926 4063 993 4102 9919
1011 4044 1193 4121 liquescit,

199 4150 368 4209 simillimus
388 4153 434 4210 est
452 4150 585 4209 Marcelli
603 4152 684 4209 locus
704 4142 793 4229 (VIII
809 4144 901 4227 191):

330 4258 384 4298 nec
402 4239 471 4298 huic
489 4240 593 4299 morbo
612 4242 701 4313 caput
720 4242 857 4298 crescat
876 4242 929 4298 991
948 4240 973 4297 91
993 4241 1120 4299 creverit
1138 4241 1308 4311 tabescat,

214 4423 216 4427 -
288 4392 314 4459 1)
332 4390 373 4444 De
392 4391 524 4458 rhythmo
540 4391 621 4445 huius
637 4391 810 4458 aliarumque
826 4390 987 4445 cantionum
1002 4391 1065 4444 vide
1081 4372 1282 4444 Buechelerum
1297 4410 1369 4448 mus.

137 4462 143 4477 '
197 4462 284 4517 111199.
300 4460 415 4515 XXXIV
435 4480 462 4530 p.
478 4468 589 4530 343sq,
608 4461 715 4516 Zander
732 4461 836 4516 Versus
854 4462 915 4516 ital.
936 4463 1001 4534 ant.
1012 4480 1039 4530 p.
1055 4466 1090 4515 46
1099 4480 1139 4530 sq.
