3150 5152
197 283 264 346 494
312 259 315 265 ι
657 278 792 334 Ricardus
810 276 905 333 Heim:

290 443 369 510 102.
394 451 483 509 Marc.
497 449 568 510 XIV
585 451 635 508 67.
658 447 722 507 Iam
738 463 829 522 supra
843 447 968 506 allatum
983 448 1029 504 est
1042 466 1070 522 p.
1081 447 1155 505 481.
1179 444 1227 503 Ad
1241 445 1374 505 dolorem

204 559 279 601 uvae
300 539 412 599 scribes
432 540 462 597 in
482 539 586 598 charta
604 540 634 596 et
653 537 728 596 collo
752 536 917 595 laborantis
936 535 1060 594 linteolo
1085 535 1260 611 suspendes:
1284 527 1376 593 ‘for-

199 629 290 688 mica
309 629 519 740 sanguinem
537 646 605 686 non
623 626 732 685 habet
749 643 815 684 nec
834 625 897 703 fel,
920 625 1004 701 fuge
1023 643 1104 698 uva,
1127 643 1170 683 ne
1189 641 1318 683 cancer
1335 626 1371 682 te
1406 695 1410 702 Ι

199 719 369 778 comedat.

290 887 371 954 103.
408 893 514 952 Snidas
534 911 556 952 s.
575 911 603 952 v.
623 885 744 963 Meton
764 893 800 950 cf.
821 891 929 950 Suidas
949 909 970 950 s.
991 911 1018 950 v.
1037 883 1180 963 ἀλέκτωρ
1199 884 1283 948 πίνει
1293 932 1374 948 .....

200 981 294 1060 μύξος
314 979 332 1042 ὁ
352 980 540 1057 λαγογήρωε
555 975 629 1055 παρ’
643 977 730 1055 ἡμῖν·
750 977 873 1057 ἐπῳδή·
888 973 1029 1056 Ἀλέκτωρ
1048 979 1126 1038 πίνει
1144 975 1193 1038 καὶ
1212 971 1267 1038 οὐκ
1281 970 1370 1056 οὔρεϊ,

201 1063 293 1150 μύξος
311 1061 348 1131 od
366 1076 444 1130 πίνει
463 1068 512 1129 καὶ
531 1064 621 1149 οὔρεϊ.
645 1066 771 1141 λέγεται
790 1067 825 1128 δὲ
846 1065 890 1128 εἰ(
910 1063 1080 1142 δυωυρίαν
1098 1062 1186 1128 ὄνου,
1261 1072 1263 1076 ’

287 1161 389 1219 Etiam
414 1160 445 1218 in
471 1159 648 1236 germanicis
671 1159 852 1217 carminibus
881 1159 911 1216 id
930 1177 1025 1234 genus
1054 1157 1268 1216 sententiarum
1286 1154 1373 1214 nobis

201 1250 351 1308 interdum
366 1249 511 1318 occurrit;
527 1249 562 1307 cl.
578 1247 727 1307 Roehholz
742 1241 998 1306 ‘Alemannisches
1009 1238 1194 1305 Kinderlied'
1208 1266 1237 1321 p.
1249 1247 1373 1320 aacsq,

198 1339 289 1396 Kuhn
308 1331 546 1396 ‘Norddeutsche
565 1329 750 1396 Gebrauche’
769 1357 798 1412 p.
814 1337 877 1395 439
905 1355 933 1394 n.
949 1337 1013 1395 320
1038 1338 1068 1394 et
1093 1336 1225 1394 eiusdem
1245 1333 1374 1392 auctoris

201 1422 313 1502 ‘Sagen
332 1435 387 1486 ete.
406 1446 460 1486 aus
478 1419 658 1485 Westfalen'
677 1425 709 1483 ΙΙ
727 1445 757 1486 n.
776 1427 854 1503 5783
872 1426 968 1485 veluti
987 1427 1090 1484 contra
1108 1425 1235 1484 febrem:

561 1533 618 1591 Die
638 1532 751 1591 Bienen
770 1533 845 1592 ohne
864 1533 979 1610 Lunge,

562 1622 609 1680 dic
629 1621 751 1680 Stdrche
771 1622 847 1680 ohne
867 1622 979 1698 Zunge,

562 1710 608 1768 die
628 1711 731 1769 Tanbe
751 1711 827 1768 ohne
846 1709 922 1769 Gall'

560 1800 632 1858 hilft
649 1800 698 1856 fur
717 1800 765 1858 die
786 1802 826 1858 77
846 1799 954 1857 Fieber
972 1793 1031 1856 all'.

287 1906 349 1965 Has
370 1904 608 1964 fabulosissimas
628 1923 685 1979 rec,
704 1923 780 1980 quae
795 1905 861 1962 fieri
879 1923 938 1962 non
953 1907 1087 1978 possunt,
1107 1907 1138 1962 et
1156 1923 1227 1962 usus
1242 1905 1373 1978 magicos

199 2013 292 2055 vanos
312 1995 408 2052 facete
426 1993 529 2052 illudit
546 1999 636 2068 poeta
655 1993 745 2050 medii
764 1992 831 2051 aevi
849 2009 1024 2066 anonymus,
1049 2011 1138 2065 quem
1157 1992 1250 2048 edidit
1268 1991 1374 2066 Hagen

199 2077 322 2142 ‘Antike
343 2082 500 2142 Comoedia
518 2082 547 2139 in
576 2080 783 2140 distichischer
801 2073 1024 2154 Nachbildung'
1047 2078 1078 2136 in
1098 2078 1284 2138 Fleckeiseni
1306 2097 1373 2137 ann.

197 2173 256 2232 vol.
277 2173 317 2231 97
337 2192 366 2247 p.
382 2173 443 2230 711
456 2189 508 2245 sq,
531 2187 636 2229 versus
654 2169 699 2227 ita
718 2172 787 2244 apte
806 2188 870 2227 rem
885 2169 1065 2247 describunt,
1085 2171 1120 2226 ut
1133 2167 1374 2244 praetermittere

197 2279 257 2319 non
275 2261 395 2336 possim,
416 2258 488 2335 quin
506 2259 644 2317 afferam:

310 2387 337 2425 v.
357 2368 431 2426 307.
454 2365 563 2423 Baucis
582 2364 750 2440 virgineum
769 2367 921 2440 temptans
940 2383 1079 2424 revocare
1096 2364 1240 2440 pudorem

499 2454 624 2528 provida
642 2454 813 2529 propositae
833 2454 949 2530 colligit
967 2457 1038 2530 apta
1056 2455 1117 2512 rei:

454 2542 573 2617 herbas,
591 2545 754 2619 unguenta,
772 2547 872 2618 potus,
891 2544 1095 2618 medicamina,
1114 2544 1229 2615 cantus,

360 2632 430 2689 310.
500 2649 575 2706 quae
594 2631 679 2690 vobis
700 2632 830 2690 breviter
849 2649 1023 2689 enumerare
1042 2631 1123 2689 libet.

454 2720 534 2778 corvi
554 2720 718 2791 candorem,
737 2719 861 2791 fumum,
880 2719 941 2776 tria
958 2719 1079 2776 flamina
1097 2718 1189 2795 venti,

499 2808 579 2867 caeci
598 2807 753 2867 cuiusdam
771 2807 893 2882 lumina,
912 2807 1008 2866 noctis
1028 2825 1130 2880 avem3

456 2916 475 2954 a
492 2897 570 2956 calvi
588 2897 686 2956 fronte
706 2896 809 2973 crinea,
828 2896 1053 2971 membrumque
1073 2894 1220 2970 spadonis,

499 2982 635 3044 auditum
654 2985 746 3058 surdi,
764 2985 856 3044 verba
875 2984 1002 3044 carentis
1022 2984 1077 3060 eis3

359 3075 433 3133 315.
456 3075 638 3150 ignivomam
657 3074 785 3150 glaciem
804 3074 1070 3149 defunctorumque
1089 3072 1227 3149 calorem,

501 3163 600 3222 insani
619 3181 739 3222 sensum
758 3181 824 3221 eum
842 3161 957 3221 rationo
977 3162 1076 3239 bovis3

458 3252 525 3309 duri
543 3252 702 3310 mollitiem
720 3251 828 3327 lapidis
848 3269 915 3309 cum
933 3270 1085 3309 murmure
1105 3249 1214 3325 stagni,

501 3359 626 3416 quercus
645 3341 815 3417 pomiferas,
833 3339 945 3401 vimina
963 3340 1052 3414 plena
1069 3340 1151 3416 piria,

455 3435 613 3503 praeterea
630 3447 723 3505 rugas
741 3429 835 3504 pueri,
853 3429 962 3487 barbas
982 3429 1161 3505 vetularum,

360 3517 432 3576 320.
501 3518 582 3577 virus
603 3516 926 3592 Cerbereum'quaerit,
945 3519 980 3575 ut
998 3518 1089 3575 addat
1108 3518 1159 3576 eis.

455 3605 502 3664 his
521 3605 563 3664 ibi
580 3606 722 3665 confectis
740 3606 813 3664 facit
831 3624 846 3663 e
865 3605 1019 3664 meretrice
1038 3607 1175 3680 puellam.

200 3738 312 3794 Sueten.
332 3737 421 3793 Galba
440 3744 468 3803 43
494 3739 578 3806 atque
596 3739 639 3793 ita
656 3739 835 3808 proverbium
853 3739 940 3794 fiebat
959 3740 1033 3793 ‘cum
1053 3740 1130 3792 mula
1144 3737 1292 3808 pepererit’
1312 3736 1331 3791 i.
1347 3751 1370 3789 e.

200 3825 365 3877 numquam3
386 3809 419 3864 cf.
441 3809 509 3863 Otto
529 3809 745 3878 ‘Sprichwbrter
764 3811 812 3864 der
830 3810 944 3864 Rbmer’
964 3829 992 3879 p.
1009 3816 1069 3865 232.

292 3883 319 3947 2)
341 3879 460 3934 ‘Subula
478 3881 595 3934 necerie’
617 3880 726 3935 Schuch
749 3900 775 3950 p.
791 3887 825 3936 35
848 3880 1028 3950 proverbium
1054 3882 1154 3935 subulo
1178 3881 1277 3934 bouem
1300 3881 1371 3933 ecci-

196 3967 262 4020 pere
284 3951 358 4018 (Son.
379 3967 421 4019 ep.
437 3956 479 4018 82,
495 3955 539 4020 25)
558 3953 587 4006 et
610 3953 641 4005 iu
664 3955 748 4007 comm
771 3955 925 4007 descendere
947 3953 1048 4006 subulo
1067 3957 1202 4006 orinatum
1222 3950 1269 4019 (ib.
1285 3955 1327 4017 85,
1345 3952 1371 4018 1)

199 4038 365 4092 comparans
393 4022 429 4075 ad
457 4023 527 4078 haec
554 4022 826 4078 incantamentorum
854 4025 978 4078 ἀδύνατα
1006 4022 1141 4091 adiungit.
1171 4021 1220 4075 sed
1243 4022 1296 4074 hoc
1315 4038 1373 4075 non

198 4095 307 4148 rectum
326 4095 377 4163 est,
402 4092 514 4148 ‘subula
532 4095 657 4148 necatur’
686 4113 775 4164 panus
794 4098 842 4149 aut
860 4096 950 4163 tuber,
975 4097 1007 4148 ut
1028 4092 1116 4147 nostri
1139 4092 1262 4160 chirurgi
1285 4092 1372 4145 fibula

199 4166 300 4219 vulnus
318 4163 499 4233 purulentum
520 4168 626 4231 secant3
643 4165 752 4220 Schuch
770 4185 797 4235 p.
813 4173 847 4220 36
866 4167 926 4235 ipse
948 4165 1055 4219 ‘fibula’
1076 4165 1228 4233 proposuit.

289 4237 316 4304 3)
336 4236 461 4305 Apparet
478 4237 707 4304 praeceptionem
726 4255 789 4291 eum
812 4236 1021 4292 incantamento
1046 4251 1179 4304 pugnare,
1204 4252 1267 4288 cum
1287 4252 1372 4304 snpra

199 4308 434 4362 medicamentum
461 4310 558 4361 contra
580 4309 680 4362 vulnus
704 4309 846 4363 oculorum
872 4307 1013 4375 afferatur,
1038 4305 1086 4360 sed
1105 4305 1179 4360 infra
1201 4307 1231 4359 in
1250 4307 1372 4360 carmine

200 4377 296 4433 dentes
315 4377 499 4432 nominentur.

289 4451 316 4518 4)
336 4448 401 4506 (lod.
420 4450 537 4519 praebet
556 4450 618 4503 ‘nec
637 4454 766 4506 canterus
786 4469 859 4520 aqua
878 4449 976 4505 vibet’.
