3150 5152
492 281 705 337 Incantamenta
722 283 835 353 magica
853 299 955 354 graeca
972 281 1071 340 latina.
1302 282 1367 348 511

288 451 431 511 Similiter
463 452 542 527 apud
575 451 765 511 Theocritum
797 454 829 511 in
861 454 1024 512 clarissimo
1055 453 1160 529 idyllio
1190 453 1305 530 magico
1338 454 1369 512 in

199 541 345 600 amatorio
370 542 432 600 ritu
457 541 571 616 effigies
594 532 726 622 oereal),
754 562 830 618 quae
854 546 1018 601 amatorem
1040 542 1188 617 perfidum
1211 543 1369 618 signifieat,

196 631 369 689 fabricatur.

289 710 371 778 145.
398 719 521 777 Theoer.
539 718 570 776 Π
585 720 634 778 21.
667 713 769 778 l'Io'rcc’
788 715 852 793 ἅμα
870 716 921 778 καὶ
941 717 1015 792 λέγε
1034 719 1149 778 ταῦτα·
1172 713 1207 777 τὰ
1224 716 1370 795 Δέλφιδος

197 802 278 866 dorio
301 802 413 867 πάσσω.
450 807 493 866 Cf.
512 827 540 866 r.
561 809 610 866 62.
639 805 690 866 καὶ
715 802 785 879 λέγ’
805 805 1026 882 ἐπιφθύῑοιεα·
1055 802 1088 866 τὰ
1112 805 1261 884 Ariassos
1288 801 1369 868 ὄστία

198 891 313 973 pridem
337 901 403 955 tum
421 897 452 954 in
470 896 601 971 effigiem
621 897 783 972 symbolioo
802 899 889 956 modo
909 917 978 956 acus
1002 900 1107 956 tenues
1126 897 1331 956 immittuntur
1351 916 1369 954 a

198 1005 272 1061 saga
296 989 327 1044 ot
344 985 458 1060 effigies
481 985 548 1059 ipsa
566 986 693 1043 flammis
715 987 859 1063 traditum
883 990 919 1045 ut
946 988 1023 1045 sicut
1046 987 1116 1062 igne
1139 1005 1207 1045 cera
1229 987 1366 1059 tabescIt,

199 1076 243 1132 ita
261 1094 362 1132 amore
381 1077 505 1136 amator
519 1078 723 1150 consumatum
747 1075 781 1134 of.
803 1094 894 1150 supra
911 1097 939 1151 p.
959 1076 1023 1135 485
1044 1095 1149 1135 versus
1169 1075 1320 1134 Theocriti
1339 1079 1370 1132 et

198 1163 333 1238 Vergilii.
351 1194 388 1203 —
409 1162 549 1221 Fortasse
569 1163 659 1222 etiam
679 1163 781 1222 afferri
799 1183 917 1222 carmen
937 1165 1033 1222 decies
1053 1165 1216 1238 repetitum
1231 1157 1369 1243 (Theoor.

198 1252 229 1310 ΙΙ
250 1249 305 1328 17)
323 1271 445 1310 neeesse
464 1255 517 1310 est.
1072 1327 1074 1332 Ι

357 1335 435 1414 ἴυγξ,
459 1336 530 1399 ἕλκε
549 1337 587 1398 τὺ
601 1341 701 1413 τῆνον
720 1337 797 1414 ἐμὸν
816 1338 891 1401 ποτὶ
909 1341 999 1415 δῶμα
1020 1337 1078 1400 τὸν
1097 1335 1209 1417 ἄνδρα,

199 1449 246 1506 cui
265 1449 426 1522 respondet
444 1445 571 1522 Vergilii
590 1437 659 1528 (ecl.
674 1446 748 1505 VIII
765 1440 821 1529 68)
841 1467 928 1524 saepe
947 1450 1093 1524 repetitus
1111 1467 1229 1508 versus:

318 1555 417 1612 ducIte
436 1553 475 1612 ab
493 1555 568 1612 urbe
587 1554 715 1628 domum,
735 1574 802 1614 mea
820 1557 961 1631 earmina,
980 1556 1080 1614 ducIte
1099 1555 1248 1630 Daphnin.

288 1713 329 1772 Ut
347 1715 377 1771 in
396 1714 456 1772 ritu
471 1714 588 1788 magico
603 1715 748 1774 amatorio
768 1715 962 1774 simulacrum
975 1734 1094 1773 cereum
1113 1716 1212 1774 Iocum
1226 1715 1369 1773 amatoris

199 1804 327 1878 obtinet,
351 1803 442 1860 sicin
460 1803 676 1862 medicamento
696 1805 733 1861 ad
753 1805 864 1880 strigas
884 1805 1073 1879 expellendas
1092 1824 1146 1879 pro
1165 1804 1288 1861 infantis
1307 1822 1370 1862 cor-

198 1912 270 1967 pore
288 1892 431 1950 intestina
449 1893 571 1966 porcina
589 1893 650 1950 illis
669 1893 806 1953 volaticis
826 1893 1001 1951 offeruntur.
1039 1891 1163 1951 Ovidius
1183 1898 1287 1954 narrat
1304 1913 1368 1968 my·

199 1982 284 2038 thum
303 1982 339 2039 de
359 1982 414 2039 dea
429 1980 534 2055 Carna,
555 2000 630 2056 quae
644 1981 770 2040 Procam
789 2001 891 2058 regom
910 1984 948 2040 ab
963 1982 1069 2041 avibus
1084 1981 1237 2041 nocturnis
1252 1981 1369 2055 liberat,

199 2069 251 2127 sed
266 2069 419 2145 Cardeam,
439 2069 524 2128 deam
539 2069 703 2144 cardinum,
722 2071 971 2146 propulsatricem
985 2072 1116 2129 omnium
1131 2072 1287 2129 noxiorum
1301 2070 1369 2128 dae-

198 2178 332 2234 monum,
350 2158 487 2232 inprimis
509 2177 527 2215 a
544 2160 645 2235 pueris
664 2159 838 2233 infantibus,
858 2161 889 2217 et
909 2159 1037 2218 Carnam
1055 2160 1104 2218 vel
1123 2158 1262 2231 Cranem,
1282 2158 1366 2216 deam
1455 2200 1460 2211 ,

197 2251 333 2345 extorum
352 2247 499 2322 vitalium,
517 2251 685 2321 permutat:

290 2346 371 2412 146.
400 2352 453 2413 Or.
472 2353 554 2411 Fast.
574 2352 751 2430 V1141sq.

358 2459 426 2519 Sive
444 2459 541 2533 igitur
559 2464 723 2517 nascuntur
742 2478 821 2533 aves,
844 2479 896 2518 seu
916 2460 1073 2518 carmine
1091 2459 1177 2536 fiunt,

410 2540 635 2628 naenial)que
653 2549 684 2606 in
702 2549 840 2608 volucres
859 2547 960 2606 Marsa
977 2549 1089 2625 figurat
1107 2566 1195 2606 anus:

356 2638 387 2695 in
411 2637 560 2696 thalamos
578 2656 686 2696 venere
704 2637 825 2696 Procae.
862 2638 958 2696 Proca
976 2641 1064 2696 natus
1083 2637 1193 2694 inillis

410 2726 521 2800 praeda
539 2745 641 2785 reeens
660 2727 760 2786 arium
781 2727 912 2803 quinque
931 2727 1036 2786 diebus
1056 2729 1130 2803 erat,

355 2820 535 2890 pectoraque
555 2817 716 2875 exsorbent
733 2817 829 2876 aridis
848 2816 976 2874 infantia
993 2815 1119 2891 linguis:

408 2908 441 2962 at
458 2923 534 2979 puer
551 2905 656 2963 infelix
673 2906 760 2979 ragIt
778 2924 923 2981 opemque
942 2906 1028 2980 petit.

357 2993 465 3052 territa
484 3013 555 3053 voce
574 2997 621 3052 sui
639 2995 741 3052 nutrix
759 2995 891 3052 accurrit
909 2994 1024 3052 alumni

413 3087 443 3140 et
461 3082 560 3157 rigido
579 3086 676 3141 sectas
694 3083 809 3142 invenit
828 3102 928 3158 ungue
947 3100 1050 3158 genas.

356 3171 427 3246 quid
446 3169 579 3229 faceret?
604 3172 684 3229 color
703 3171 762 3229 oris
782 3175 855 3247 erat,
874 3171 926 3247 qui
944 3171 1100 3228 frondibus
1125 3169 1195 3228 olim
1229 3200 1233 3207 ·

410 3277 474 3318 esse
494 3259 570 3318 solet
590 3261 672 3333 serIs,
694 3279 767 3334 quas
787 3279 865 3319 nova
883 3261 972 3319 laesit
990 3259 1093 3318 hiems

358 3349 493 3423 pervenit
512 3349 549 3406 ad
569 3346 684 3406 Cranen
704 3353 735 3406 et
753 3367 817 3406 rem
835 3349 930 3407 docet.
966 3349 1020 3406 illa
1039 3342 1190 3406 ‘timorem

410 3438 498 3511 pone!
517 3440 588 3494 tuus
608 3431 727 3511 sospes'
746 3437 821 3495 dixit
839 3432 995 3495 ‘alumnus
1015 3430 1097 3494 erit'.

359 3528 482 3585 venerat
505 3526 542 3583 ad
561 3543 666 3584 cunas:
684 3527 798 3585 flebant
815 3528 970 3602 materque
988 3529 1143 3602 paterque.

412 3609 525 3673 ‘sistite
543 3633 597 3674 vos
615 3616 764 3689 lacrimas,
782 3618 849 3692 Ipsa
866 3609 1024 3674 medebor'
1043 3615 1094 3672 aIt.

357 3703 493 3779 protinus
512 3704 638 3761 arbutea
655 3707 758 3780 postes
776 3707 824 3763 ter
841 3705 873 3762 in
891 3704 994 3764 ordine
1013 3698 1113 3778 tangit

411 3793 524 3869 fronde,
543 3796 590 3851 ter
609 3794 735 3852 arbutea
753 3794 859 3852 limina
876 3793 982 3852 fronde
1000 3796 1094 3866 notat,

358 3882 475 3958 spargit
493 3882 579 3958 aquis
599 3882 699 3940 aditus
720 3913 757 3924 —-
784 3887 815 3942 et
837 3901 934 3958 aquae
953 3883 1136 3940 medicamen
1154 3879 1308 3938 habebant
1326 3908 1369 3918 *-

412 3976 539 4046 extaque
558 3972 595 4028 de
613 3990 704 4046 porca
722 3973 815 4031 cruda
832 3971 996 4030 bimenstre
1015 3973 1105 4029 tenet.

359 4064 448 4136 atque
467 4061 510 4118 ita
528 4054 661 4118 ‘noctis
681 4080 777 4136 ares,
797 4062 890 4119 extis
910 4052 1131 4136 puerilibus'
1151 4058 1250 4134 inquit

411 4145 580 4225 ‘paroitm
600 4169 662 4224 pro
681 4168 791 4224 parvo
810 4150 959 4211 victima
976 4167 1087 4223 parva
1106 4149 1209 4207 cadIt.

289 4323 314 4388 1)
333 4320 430 4388 Imago
449 4335 530 4372 cerea
548 4334 631 4388 saepe
650 4319 807 4386 adhibetur,
827 4319 861 4374 cf.
881 4318 946 4373 Hor.
965 4319 1046 4386 epod.
1061 4317 1085 4369 V
1101 4323 1143 4383 81,
1163 4315 1240 4367 XVII
1256 4321 1297 4380 76,
1318 4317 1371 4368 sat.

199 4388 251 4457 18,
267 4396 309 4457 30,
330 4391 380 4445 Or.
401 4408 445 4459 ep.
465 4390 504 4444 VI
518 4397 560 4459 91,
580 4406 666 4444 amor.
681 4389 721 4443 III
737 4396 761 4457 7,
775 4397 818 4457 29,
839 4392 921 4460 Verg.
942 4389 992 4443 ecl.
1008 4388 1072 4440 VIII
1087 4395 1129 4441 sl.

288 4464 315 4530 2)
334 4463 444 4516 Naeuia
462 4465 505 4515 est
523 4478 635 4516 carmen
654 4462 699 4517 vel
718 4461 881 4516 lncantatic.

1104 4545 1159 4601 33*
