3150 5152
523 1224 549 1279 Ι.
586 1224 844 1279 Incantamenta
867 1223 1041 1292 simplicia.

288 1363 434 1421 Maximus
453 1381 594 1421 numerus
614 1361 745 1420 omnium
764 1361 936 1434 carminum,
957 1382 1033 1438 quae
1052 1381 1088 1420 ex
1102 1362 1238 1436 opinione
1252 1361 1370 1437 vulgari

199 1450 382 1510 Graecorum
400 1455 431 1510 et
448 1452 649 1510 Romanorum
670 1450 849 1508 effluxerunt
868 1454 899 1509 et
916 1451 1003 1510 nobis
1021 1451 1134 1509 tradita
1153 1453 1232 1527 sunt,
1253 1451 1291 1508 ad
1309 1470 1369 1508 me-

199 1540 325 1599 dicinam
352 1541 494 1616 attinent3
518 1540 597 1598 inter
620 1558 695 1614 quae
720 1543 801 1598 certe
825 1539 1078 1614 simplicissimum
1101 1541 1147 1598 est
1169 1543 1370 1616 praeceptum,

198 1632 232 1688 ut
251 1648 357 1689 nomen
374 1629 456 1688 illius
477 1630 527 1704 qui
546 1629 696 1687 sanandus
716 1628 756 1687 sit
774 1632 827 1686 aut
845 1647 952 1687 nomen
971 1629 1066 1688 morbi
1084 1628 1256 1688 nominetur
1279 1631 1370 1705 atque

197 1718 241 1776 ita
259 1719 384 1777 daemon
402 1719 498 1776 morbi
516 1718 679 1778 invocetur.

288 1887 321 1954 1.
345 1895 420 1954 Plin.
435 1898 496 1954 nat.
511 1896 579 1954 hist.
590 1895 659 1953 XXI
672 1897 744 1954 143.
773 1894 851 1953 Sunt
864 1895 916 1970 qui
931 1894 1100 1953 silvestrem
1112 1886 1163 1975 (sc.
1174 1885 1256 1974 irim)
1273 1895 1370 1970 xyrim

197 1989 317 2058 vocent,
341 1987 471 2043 strumas
490 1984 563 2043 haec
581 1984 629 2043 vel
647 2001 741 2060 panos
760 1983 808 2042 vel
827 1983 950 2058 inguina
973 1983 1104 2042 discutit.
1136 1983 1319 2058 praecipitur
1337 1988 1371 2041 ut

198 2073 318 2131 sinistra
341 2092 432 2132 manu
456 2074 494 2132 ad
517 2075 572 2132 hos
595 2091 668 2132 usus
685 2075 815 2145 ¹eruatur
843 2071 1075 2148 colligentesque
1102 2072 1236 2130 dicant
1261 2071 1370 2131 cuius

197 2161 354 2221 hominis
373 2163 500 2238 utique
519 2181 627 2222 causa
645 2162 812 2220 eximant.

287 2332 321 2399 2.
353 2341 392 2398 ib.
412 2339 498 2398 XXII
518 2341 568 2398 38.
601 2337 676 2397 Cum
695 2342 819 2398 eruatur
837 2358 873 2398 ea
896 2331 1014 2415 radix1)
1041 2333 1094 2418 (sc.
1118 2330 1246 2419 urticae)
1276 2337 1370 2397 dica-

197 2432 343 2504 turque,
367 2429 428 2486 cui
455 2431 493 2487 et
515 2448 663 2505 quorum
688 2428 772 2487 filio
792 2428 985 2506 eximatur,
1010 2427 1138 2486 liberare
1156 2429 1260 2488 morbo
1280 2426 1371 2485 tradi-

199 2517 316 2576 derunt.

288 2688 321 2754 3.
345 2695 409 2754 Ηοο
422 2695 670 2753 medicamentum
684 2695 716 2752 in
730 2713 815 2754 suam
831 2695 992 2769 epitomem
1005 2695 1119 2771 recepit
1128 2695 1175 2754 Ps.
1184 2694 1259 2754 Plin.
1270 2695 1317 2752 III
1330 2697 1370 2754 16

198 2778 240 2860 (p.
257 2787 299 2844 90
318 2785 363 2843 ed.
378 2775 484 2863 Rose):
503 2782 552 2842 Ad
570 2784 724 2842 tertianas.
744 2784 857 2842 urticae
878 2784 1061 2842 autumnalis
1077 2783 1161 2842 radix
1175 2784 1327 2860 alligatur,
1346 2785 1371 2841 is

198 2873 250 2950 qui
269 2892 333 2932 eam
353 2873 472 2932 effodiet
491 2873 580 2931 debet
597 2873 783 2932 nominare
802 2891 894 2949 eum,
917 2872 974 2931 cui
996 2873 1159 2931 medetur
1182 2876 1217 2931 et
1242 2873 1372 2949 quibus

197 2963 411 3038 parentibus
429 2965 538 3020 natus
559 2961 615 3021 sit.

286 3132 319 3200 4.
352 3140 482 3200 Dioscor.
507 3135 579 3213 περὶ
602 3134 799 3213 εὐπορίετων
822 3139 837 3196 Ι
862 3157 886 3197 ο.
908 3141 968 3198 155
1058 3131 1179 3218 πρόλεγε
1199 3133 1245 3212 δὲ,
1271 3137 1311 3210 εἰς
1333 3131 1370 3197 ‘dv

198 3224 384 3308 λαμβάνεται.

289 3400 322 3466 5.
355 3406 461 3465 Aetius
475 3405 613 3465 Amiden.
627 3405 702 3463 VIII
721 3398 771 3464 λα’
786 3395 827 3485 (ρ.
845 3405 925 3464 156²
944 3405 988 3464 ed.
1004 3405 1076 3464 Ven.
1094 3399 1203 3486 1534).
1237 3401 1373 3465 Φυεικόν

199 3493 234 3554 δὲ
249 3490 367 3570 γράφει
382 3489 563 3568 Ἀρχιγένη(
579 3489 702 3568 ἀληθὲς.
722 3490 802 3567 πρὸ(
816 3491 891 3552 τοὺ(
905 3491 1111 3567 κινουμένου(
1126 3489 1262 3553 ὀδόντα(
1277 3491 1372 3553 κυνὸε

197 3579 530 3748 ἔτεῐςνὲΐνθὲῗκῶῗόνταε
548 3577 590 3643 ἐπ’
612 3577 754 3661 ὀνόματος
773 3573 896 3661 μάλιστα
914 3584 965 3643 τοῦ
984 3573 1149 3662 πάσχοντος
1167 3580 1277 3659 λαβὼν
1295 3578 1373 3643 τίθει

287 3844 319 3909 6.
353 3851 443 3910 Maro.
463 3849 537 3908 VIII
552 3851 601 3910 52.
644 3849 689 3908 De
713 3868 802 3908 manu
827 3850 949 3909 sinistra
971 3869 1105 3908 muscam
1128 3851 1227 3927 capies
1253 3854 1284 3909 et
1302 3850 1373 3908 dum

199 3940 313 4015 capies,
337 3939 435 3998 dicere
454 3939 576 3998 debebis
599 3957 726 3997 nomen
751 3940 827 3999 eius
853 3939 910 3998 cui
933 3938 1128 3998 remedium
1152 3941 1318 3998 facturus
1337 3959 1373 3998 es

200 4025 257 4105 [et]
275 4018 312 4088 te
331 4029 372 4086 ad
392 4028 568 4088 curandos
587 4029 710 4088 oculos
730 4029 807 4087 eius
826 4047 982 4088 muscam
1000 4027 1185 4104 prendere.

290 4218 315 4284 1)
336 4218 367 4269 ln
385 4231 414 4269 re
429 4214 541 4284 magica
567 4231 650 4283 saepe
675 4190 843 4270 adhibentur
860 4215 964 4270 herbae
985 4217 1013 4270 et
1031 4213 1152 4278 radicem
1177 4216 1211 4269 cf.
1231 4214 1374 4270 Dieterioh

198 4286 307 4356 Proleg.
326 4287 363 4341 ad
381 4303 445 4355 pap.
465 4303 538 4355 mag.
558 4287 587 4340 in
605 4285 778 4341 Fleckeiseni
798 4286 890 4341 annal.
910 4286 1008 4355 philol.
1028 4288 1118 4356 suppl.
1137 4286 1203 4339 XVI
1226 4305 1253 4355 p.
1269 4292 1321 4341 '184
1345 4291 1374 4342 et

198 4357 329 4412 Welcker
349 4356 460 4411 ‘Kleine
480 4356 630 4414 Schriften’
652 4357 692 4410 III
709 4376 735 4428 p.
751 4363 846 4426 20sq.,
873 4358 983 4413 ‘Medea
1005 4358 1072 4412 oder
1092 4357 1136 4411 dio
1157 4357 1372 4417 Krauterkunde

198 4428 244 4483 bei
263 4429 318 4482 den
335 4428 464 4484 Frauen'.
