3150 5152
487 314 701 370 incantamenta
718 312 830 383 magica
847 328 950 384 graeca
966 310 1065 368 latina.
1299 309 1365 373 477

198 477 337 567 toles¹)‚
369 485 433 544 has
461 484 622 561 tosillas,
654 483 747 542 hunc
773 501 915 559 panum,
947 481 1012 541 has
1040 480 1244 558 paniculas,
1277 480 1368 540 hano

197 579 384 649 strumam,
403 575 493 633 hano
512 573 751 651 strumellam,
769 573 859 631 hanc
877 571 1092 647 religionem
1111 589 1232 649 evoco,
1258 571 1367 630 educo

197 663 493 723 excantodeistis
512 662 692 740 membris,
711 654 901 720 medullis?

285 745 416 798 Fortasse
438 743 502 797 ‘hac
520 744 655 813 religione
674 743 771 797 evoco’
791 741 849 811 legi
868 743 975 811 potest,
993 743 1026 795 ut
1040 741 1162 810 Bernays
1180 740 1210 796 in
1228 740 1368 796 schedulis

196 817 394 886 manuscriptis
413 832 431 868 a
448 815 622 870 bibliotheca
639 813 780 869 Bonnensi
798 813 954 868 adservatis
974 811 1102 868 coniecit.
1127 864 1128 867 ,

271 976 346 1067 41.
370 984 460 1042 Maro.
470 983 569 1041 XXXI
579 985 629 1042 33.
658 982 745 1040 Luna
758 982 833 1040 XIII
847 983 921 1041 hora
936 981 1010 1040 VIII
1024 985 1185 1058 autequam
1199 983 1307 1040 exeant
1320 981 1369 1040 vel

200 1076 360 1149 erumpant
377 1073 454 1131 mori
473 1073 588 1132 arboris
608 1073 692 1144 folia,
712 1072 812 1130 oculos
831 1075 893 1130 tres
912 1071 1001 1130 tolles
1021 1071 1123 1148 digItis
1147 1071 1317 1130 medicinali
1339 1073 1369 1129 et

198 1163 305 1238 pollice
332 1180 438 1220 manus
466 1162 604 1219 sinistrae
628 1160 712 1218 etin
736 1161 827 1219 oeulis
858 1160 982 1235 singulis
1011 1160 1103 1218 dices:
1132 1153 1244 1218 ‘absi
1270 1160 1370 1218 absa

198 1245 368 1326 phereos'
396 1250 556 1324 mittesque
579 1250 610 1307 in
638 1268 758 1308 coccum
781 1248 949 1307 Galaticum
977 1252 1008 1306 et
1034 1248 1066 1306 in
1092 1249 1284 1324 phoenicium
1307 1248 1369 1306 Iino

198 1340 404 1415 conchyliatae
429 1358 578 1414 purpurae
597 1338 759 1414 conligabis
778 1341 809 1396 et
827 1337 920 1396 dIees:
947 1331 1054 1396 ‘tollo
1078 1340 1113 1396 te
1136 1337 1219 1395 hinc
1242 1341 1369 1410 totam,

198 1429 469 1500 haemorhoida,
495 1427 594 1486 absis
617 1421 770 1503 paphar'
795 1430 826 1485 et
843 1428 956 1485 nudum
975 1445 1056 1500 eum,
1080 1427 1128 1485 cui
1145 1426 1276 1485 remedio
1296 1445 1369 1501 opus
1428 1492 1432 1499 ,

199 1522 254 1596 est,
273 1517 487 1594 praeligamine
506 1517 557 1576 illo
576 1516 686 1591 cinges

289 1598 342 1651 Sed
363 1597 511 1652 Cornarius
533 1600 561 1650 et
580 1595 728 1664 erimine,
753 1594 802 1665 qui
825 1596 911 1649 alium
933 1595 1058 1650 codicem
1080 1599 1263 1665 usurparunt,
1288 1613 1371 1664 quam

200 1668 404 1723 Laudinensem
419 1674 472 1722 420
487 1668 677 1734 Helmreichii‚
697 1667 812 1721 editoris
827 1666 979 1735 novissimi,
998 1667 1083 1721 verba
1096 1667 1137 1721 ita
1151 1668 1270 1720 habent:
1291 1669 1372 1721 ‘tolle

198 1739 428 1866 {aadplipcgwtota
453 1740 685 1818 haemorrhoida,
717 1737 793 1792 absis
820 1739 956 1807 paphar'.
997 1739 1094 1792 tamen
1122 1737 1263 1821 sententia
1289 1739 1373 1807 plane

290 1971 349 2038 42.
373 1980 464 2038 Maro.
474 1978 602 2037 XXXVI
615 1981 663 2038 70.
694 1976 820 2036 Carmen
833 1976 996 2062 idioticam,
1011 1965 1197 2054 quod'lenire
1209 1978 1372 2054 podagram

203 2067 321 2145 dicitur,
340 2069 383 2127 sic
402 2111 499 2129 .....
519 2069 610 2127 dices:
637 2060 735 2143 ‘fuge
754 2067 853 2143 fuge,
876 2068 1038 2143 podagra
1058 2071 1092 2126 ct
1112 2067 1223 2136 omnis
1248 2086 1372 2127 nervo·

201 2178 276 2215 rum
296 2158 399 2217 dolor
419 2158 459 2216 de
479 2157 630 2232 pedibus
649 2157 737 2214 meis
761 2158 797 2214 et
815 2155 978 2215 omnibus
1001 2156 1171 2215 membris
1194 2148 1298 2214 meis'
1322 2159 1375 2214 aut

202 2248 227 2305 si
245 2247 297 2304 alii
315 2251 501 2322 praecantas,
521 2246 600 2304 dices
620 2239 742 2303 ‘illius
761 2265 863 2319 quem
882 2245 1025 2320 peperit
1042 2237 1125 2303 illa'
1144 2246 1269 2304 ....cf.
1285 2243 1375 2320 Gurg.

201 2335 288 2394 Mart.
304 2336 340 2394 de
355 2355 427 2394 cura
439 2336 530 2393 boum
547 2337 587 2394 19
604 2325 663 2415 (cd.
682 2326 822 2413 Schuch.)
837 2336 872 2392 et
887 2333 917 2392 si
931 2335 1048 2408 tuber,
1068 2334 1098 2392 si
1111 2353 1239 2409 panus,
1254 2334 1377 2393 evalla

201 2416 256 2504 (sc.
275 2418 331 2505 te),
349 2425 387 2486 cf.
404 2424 484 2483 infra
501 2445 530 2500 p.
546 2425 620 2482 493.

293 2593 352 2682 43.
376 2601 525 2677 Hippiatr.
539 2601 630 2677 p.‘15,
646 2603 730 2660 ο.19.
759 2593 907 2674 'euacua
923 2596 1004 2673 πρὸ(
1018 2598 1112 2674 μᾶλιν
1126 2598 1260 2674 κτηνῶν.
1294 2602 1376 2658 Man

204 2683 319 2768 dodoir’
337 2683 492 2770 ἆρθριτικὴ
508 2683 595 2766 κωφὴ
611 2682 746 2766 itinerar}
763 2682 843 2767 δειρᾶ
859 2682 932 2767 ξηρὰ
946 2682 1053 2767 averni]
1064 2682 1238 2768 duocpirulp
1253 2682 1375 2768 ταυρικὴ

204 2774 240 2839 οὗ
259 2774 299 2857 μή
318 2802 375 2857 μου
393 2777 540 2860 περιγένῃ,
560 2777 667 2849 ductim
687 2794 727 2839 σε.

292 2861 436 2916 Proverbo
445 2859 614 2929 tuutlwlegi
622 2861 733 2929 oportet
741 2861 843 2929 ἐπᾴδω,
852 2861 995 2929 antedius,
1003 2859 1377 2929 intensivumvcrbitudbsu?

293 3020 351 3088 44.
375 3029 416 3089 ib.
431 3049 459 3104 p.
476 3031 550 3105 138,
565 3047 588 3090 c.
602 3030 699 3106 1093.
727 3023 809 3101 Περὶ
823 3026 972 3100 boechout
988 3018 1023 3109 (i.
1038 3048 1061 3086 e.
1076 3020 1275 3108 furunculos).
1304 3020 1377 3086 Ἐὰν

206 3116 356 3191 δοθιῆναε
380 3112 437 3195 ἔχῃ
464 3113 564 3177 ἵπποι
591 3114 672 3190 πρὸ(
699 3113 737 3176 τὸ
766 3117 824 3176 τοῦ
853 3114 1081 3192 ποιοτροφήεει
1105 3109 1175 3198 (sic)
1204 3117 1272 3176 τοῖς
1299 3113 1378 3190 τριεὶ

205 3202 372 3264 δακτύλοις
391 3205 517 3279 κρατῶν
536 3201 618 3266 εἰπέ·
633 3199 813 3285 Ἐργάζομαί
833 3221 873 3264 σε.

294 3375 353 3444 45.
377 3383 416 3442 ib.
436 3404 465 3458 p.
482 3384 557 3460 123,
587 3403 611 3442 c.
631 3385 704 3454 979.
745 3375 905 3457 Ἀψύρτου
934 3378 1015 3457 πρὸ(
1044 3377 1246 3458 βαεκοεύνην.
1288 3386 1378 3442 Βαῖνε

204 3466 349 3550 νεμὲσωθ’
376 3470 475 3544 ἔξελθε
497 3465 646 3550 diederada
668 3465 727 3532 dut
746 3475 798 3532 τοῦ
816 3470 1049 3551 περιαπτομένου
1073 3471 1165 3532 ἵππου
1185 3461 1222 3532 οὗ
1245 3464 1377 3549 ἕτεκενὴ

205 3561 267 3620 ἰδία
286 3552 390 3638 μήτρα,
408 3554 589 3639 dedecorive,
608 3555 680 3621 ὅσον
697 3563 735 3642 γῆ
755 3555 855 3640 ἀπέχει
873 3555 1012 3639 οὐρανοῦ.

293 3641 377 3696 Latet
395 3642 455 3696 sine
473 3642 558 3696 dubio
577 3649 680 3708 νεμεεῶ
700 3645 740 3711 c’,
764 3644 796 3696 ut
814 3643 850 3696 ad
869 3641 1083 3696 similitudinem
1106 3641 1185 3697 verbi
1208 3645 1327 3698 δυεωπῶ
1351 3660 1378 3696 (ε

207 3714 255 3783 (cf.
273 3714 309 3767 ad
325 3713 364 3769 st.
379 3712 516 3768 Theodos.
531 3733 557 3783 p.
574 3720 624 3768 15⁷
645 3713 688 3769 ed.
705 3714 833 3781 Usener),
852 3732 914 3767 cum
928 3714 998 3768 alias
1012 3713 1136 3783 postulet
1150 3712 1284 3768 dativum.
1318 3713 1379 3768 Hoc

206 3786 328 3838 carmine
346 3785 470 3839 fascinus
489 3786 587 3840 eodem
605 3787 689 3840 modo
708 3802 763 3854 quo
782 3785 895 3839 morbus
915 3801 930 3838 e
949 3801 1064 3856 corpore
1085 3784 1190 3841 bestiae
1205 3773 1377 3840 excantatus

294 3945 353 4012 46.
378 3953 490 4013 Similis
510 3957 556 4012 est
575 3955 671 4032 locus,
696 3974 753 4030 quo
773 3973 873 4013 mures
892 3974 908 4013 e
927 3955 1040 4031 eampis
1063 3955 1269 4031 expelluntur,
1288 3953 1378 4030 Geop.

298 4145 323 4209 1)
342 4143 407 4196 tetes
426 4143 458 4195 ut
476 4141 517 4196 aIt
534 4140 632 4196 Isidor.
646 4141 685 4194 XI
700 4148 725 4206 1,
740 4145 783 4211 tt,
804 4144 916 4199 Gallica
934 4144 1032 4216 linqua
1050 4145 1194 4210 dicoretur,
1213 4159 1282 4212 quos
1300 4143 1381 4212 culpo

204 4229 254 4284 per
272 4213 483 4268 deminutionem
502 4214 611 4268 tusillas
629 4220 737 4282 cocunt,
756 4233 824 4284 qaue
842 4218 874 4270 e'u
892 4217 1020 4283 faucibus
1038 4220 1188 4284 torpescere
1205 4217 1299 4269 solent.
1333 4213 1382 4282 qui

206 4285 284 4336 locus
303 4299 318 4336 e
337 4283 465 4338 Marcelli
484 4284 613 4338 cantione
637 4287 758 4353 pendere
780 4286 900 4342 videtur.
936 4287 1041 4341 ‘toles'
1066 4288 1215 4356 praeterea
1240 4283 1382 4340 invenitur

207 4354 281 4421 apud
301 4354 357 4409 Ser.
378 4357 480 4409 Samm.
500 4375 525 4410 v.
541 4362 602 4424 993,
622 4357 705 4411 Marc.
721 4356 773 4410 XV
787 4364 829 4426 67,
844 4364 888 4427 88,
904 4363 946 4411 92.

205 4493 269 4564 Hp
293 4425 497 4565 12p41„,(2*rrimm:
522 4413 609 4481 ‘IIber
627 4426 777 4482 Marcellus
798 4429 1018 4499 Burdigalensis’
1044 4429 1074 4482 iu
1099 4428 1208 4483 ‘Kleine
1229 4427 1380 4482 Schriften’

258 4594 338 4636 Jahrb.
353 4596 369 4636 f.
383 4597 449 4636 class.
464 4597 546 4637 Philol.
575 4597 653 4646 Suppl.
667 4600 710 4639 Bd.
724 4599 787 4638 XIX
1134 4596 1167 4644 31
