3150 5152
387 317 599 373 lncantamenta
617 318 728 387 magica
747 333 848 387 graeca
866 316 964 371 latina.
1195 315 1261 380 555

93 490 164 546 tunc
179 488 323 562 ponderet
337 506 368 546 se
383 506 468 563 pane,
486 487 565 563 vino,
583 488 723 564 cervisea,
742 489 876 563 argento,
895 491 1039 563 quantum
1056 487 1104 563 sit,
1123 504 1216 562 grano
1232 490 1262 545 et

92 577 144 635 det
162 578 350 652 eleemosyna
369 579 399 635 et
418 577 511 652 eligat
529 595 620 634 unum
641 577 676 635 dc
695 576 768 651 ipsis
788 576 910 650 clericis,
929 578 963 633 ut
978 576 1036 633 sibi
1049 575 1150 634 cantet
1163 575 1261 650 ipsam

92 666 213 723 missam
233 665 356 741 spiritus
375 665 487 724 domini
500 662 597 732 unum
616 685 726 723 annum
745 664 899 723 dominicis
923 664 1027 722 diebus
1051 665 1082 722 ct
1105 665 1168 738 ipse
1188 665 1261 722 acci-

93 755 156 829 piat
176 773 292 813 sacrum
307 773 413 828 corpus
428 753 547 813 domini.
580 754 614 812 In
630 757 737 830 quarta
751 754 826 812 feria
841 744 917 834 (cod.
932 745 992 831 fra)
1007 753 1125 818 ,ieiunet
1138 755 1261 828 propter

92 843 227 919 vigiliam
246 843 425 902 ascensionis
449 842 560 901 domini
583 862 642 902 non
666 843 754 901 aliter
776 842 834 900 nisi
856 845 891 900 ut
913 842 1063 901 abstineat
1087 861 1118 900 sc
1136 861 1155 900 a
1173 860 1260 900 carne

94 934 147 989 aut
165 932 201 990 de
221 951 306 991 caseo
326 935 379 990 aut
398 933 435 991 ab
455 932 518 991 ovis
538 934 592 989 aut
610 951 628 989 a
645 932 726 1006 pisce
746 933 799 989 aut
817 951 835 989 a
855 932 922 989 vino
941 933 994 989 aut
1008 950 1026 989 a
1040 931 1163 989 medone
1183 934 1213 989 et
1229 931 1260 988 in

93 1021 218 1079 sabbato
239 1021 376 1079 similiter
395 1023 518 1096 propter
536 1020 670 1096 vigiliam
690 1023 810 1080 sanciae
828 1020 1053 1079 resurrectionis
1072 1021 1193 1078 domini.

181 1110 231 1169 fol.
247 1111 417 1169 &bl-87v
435 1113 562 1183 sequatur
575 1129 651 1184 pars
670 1107 881 1183 cPa-Apulcc'c'
899 1111 971 1169 libro
985 1111 1019 1168 de
1033 1111 1187 1168 otrtub'bcrs
1199 1109 1260 1166 ber-

87 1201 192 1257 burum
209 1201 324 1273 muccis
342 1217 406 1258 cum
425 1200 538 1259 lucunas
557 1218 580 1259 c.
598 1201 747 1258 14-48.

174 1377 250 1435 Item
280 1377 423 1453 singulari
452 1377 591 1436 comitate
616 1376 732 1435 Usener
758 1377 1011 1435 incantamentum
1039 1395 1155 1434 mecum
1179 1394 1258 1433 com-

88 1465 258 1541 municavit,
268 1466 348 1541 quod
358 1484 373 1523 e
384 1466 483 1524 codice
494 1465 683 1542 Scaligerano
693 1467 744 1524 lat.
757 1468 807 1541 28,
822 1483 895 1524 saec.
905 1465 957 1541 IX,
971 1466 1023 1524 fol.
1037 1466 1074 1522 1v
1088 1465 1257 1539 exscripsit:

177 1555 265 1613 Dum
293 1556 450 1614 venirem
479 1555 518 1614 de
548 1555 702 1628 oriente,
730 1555 804 1614 vidi
833 1554 1010 1613 caballum
1033 1553 1257 1630 morientem,

87 1643 223 1703 Adiuro
242 1647 290 1720 te,
310 1645 489 1721 caballus,
508 1664 570 1718 per
588 1647 726 1720 patrem
741 1647 776 1702 et
789 1643 908 1701 filium
923 1646 958 1701 et
973 1643 1140 1718 spiritum
1156 1661 1258 1701 sanc-

88 1736 162 1792 tum
181 1736 216 1792 et
234 1753 297 1808 per
316 1732 493 1791 dominum
517 1734 812 1809 omnipotentem,
836 1732 1020 1791 infusaras
1044 1732 1084 1790 de
1103 1734 1163 1790 tuo
1183 1750 1258 1790 cor-

87 1841 170 1896 pore
190 1825 335 1881 vertant
354 1822 390 1880 in
408 1826 490 1881 tuos
508 1823 618 1898 pedes
638 1825 674 1880 et
693 1841 810 1880 omnes
830 1822 1023 1880 infusairas
1045 1823 1172 1879 exeant
1194 1838 1277 1896 per1

87 1913 148 1970 tuo
178 1904 388 1992 corpore(l).
434 1911 579 1970 Veruna
606 1929 741 1970 veruna
768 1911 858 1968 unde
887 1929 1036 1985 veruna,
1069 1928 1165 1968 mare
1193 1909 1257 1967 sub

87 2018 178 2074 aqua
200 2019 268 2059 non
292 2003 327 2058 te
351 1991 625 2080 condem(p)net.
667 2001 726 2076 qui
750 2020 802 2058 me
821 2018 943 2058 sanum
962 1999 1065 2074 fecit,
1089 1999 1153 2056 ille
1172 1998 1257 2055 mihi

86 2089 278 2165 praecipit:
299 2082 401 2148 ‘tolle
420 2090 612 2165 grabatum
627 2091 727 2147 tuum
746 2091 783 2148 et
802 2089 945 2147 ambula
962 2087 998 2146 in
1012 2081 1117 2162 pace?
1151 2087 1259 2145 Pater

86 2181 219 2236 noster.

174 2266 290 2325 Ultima
304 2268 396 2326 verba
411 2286 446 2325 ex
461 2267 616 2342 evangelio
632 2261 708 2346 (Ich.
724 2266 750 2320 V
767 2267 795 2342 8,
807 2268 835 2341 9,
851 2267 941 2324 Marc.
952 2265 983 2323 II
994 2257 1028 2345 9)
1045 2269 1164 2340 sumpta
1179 2266 1258 2323 sunt.

173 2443 209 2501 In
219 2443 318 2502 codice
326 2444 564 2521 Engelbergensi
573 2445 625 2519 45,
641 2453 715 2502 saec.
726 2442 793 2514 XII,
808 2443 933 2502 f01.157
949 2442 1028 2500 inter
1042 2443 1101 2499 alia
1111 2443 1257 2517 leguntur·

88 2534 159 2591 haec
182 2532 420 2606 incantamenta,
440 2553 515 2609 quae
535 2531 715 2592 Benedictus
735 2531 888 2590 Gottwald
906 2533 993 2606 pater
1012 2531 1258 2589 bibliothecarius

88 2621 215 2696 benigne
235 2621 310 2680 mihi
329 2622 498 2698 descripsit:

173 2710 195 2768 I.
225 2709 336 2770 Contra
354 2711 466 2770 fluxum
486 2710 649 2787 sanguinis.
681 2706 701 2784 †
722 2708 798 2768 Caro
817 2708 837 2786 Τ
857 2727 941 2768 cruce
965 2708 986 2786 Τ
1004 2709 1052 2767 fac
1075 2709 1258 2784 restringere

87 2800 275 2874 ysmahelite.
295 2800 407 2860 famule
426 2803 477 2859 tue
497 2801 533 2858 N.
563 2800 666 2858 Amen.
699 2796 769 2874 ΤΙη
788 2800 905 2858 nomine
925 2799 1021 2874 patris
1035 2797 1056 2876 †
1071 2801 1102 2857 ct
1119 2797 1173 2856 filii
1189 2801 1219 2857 ct
1235 2817 1257 2856 s.

85 2886 106 2963 †
126 2892 264 2966 protege,
292 2891 422 2966 domine,
441 2890 584 2948 famulam
608 2893 692 2946 tuam
709 2887 746 2947 N.
767 2888 803 2946 ab
823 2890 879 2946 hoc
903 2890 982 2947 malo
1002 2891 1032 2946 et
1051 2888 1089 2945 ab
1109 2887 1189 2945 omni
1210 2887 1254 2944 in·

86 2976 230 3037 firmitate
249 2980 381 3055 corporis
401 2981 432 3037 et
450 2979 556 3038 anime.
589 2975 609 3053 Τ
628 2980 732 3036 contra
750 2976 806 3036 hcc
825 2977 944 3052 signum
962 2977 1079 3035 nullum
1100 2979 1160 3034 stet
1178 2977 1257 3051 peri÷

87 3066 195 3126 culum.
229 3065 335 3143 ΤΤΤ.
368 3067 402 3126 A.
419 3067 454 3125 B.
469 3066 503 3126 G.
518 3067 556 3128 H.
572 3065 604 3125 Ο.
621 3065 654 3135 Q.
668 3065 704 3124 V.
721 3068 749 3124 8.
765 3068 793 3125 2.
813 3061 884 3124 ff'f.

175 3155 214 3214 ΙΙ.
241 3155 414 3216 Benedictio
425 3160 494 3214 ante
504 3157 611 3214 febres.
631 3155 667 3212 N.
677 3159 771 3230 pater.
791 3154 828 3211 N.
838 3154 928 3213 filius.
946 3154 981 3212 N.
993 3155 1116 3230 spiritus
1128 3157 1255 3214 sanctus.

90 3244 164 3321 tob
182 3245 238 3303 leo.
258 3243 308 3302 2³?
336 3245 375 3303 N.
395 3245 481 3304 aries.
509 3245 546 3303 N.
565 3245 661 3303 virtus
681 3242 709 3319 Τ.

175 3333 230 3392 ΙΙΙ.
259 3332 338 3392 Ante
356 3352 482 3393 vermes.
511 3333 608 3411 †b0n
627 3332 647 3408 †
665 3352 723 3408 pen
742 3330 762 3407 †
781 3351 820 3390 na
838 3328 859 3406 Τ
878 3331 990 3408 ason†
1014 3332 1050 3389 ad
1071 3331 1184 3390 dentes.
1221 3331 1257 3388 In

88 3441 186 3480 eremo
205 3423 244 3480 in.
255 3426 355 3482 monte
371 3421 474 3481 delion
488 3421 530 3480 ibi
545 3423 686 3481 sederunt
700 3421 758 3479 VII
773 3421 882 3481 fratres
897 3422 1078 3481 dormientes
1093 3420 1113 3496 †
1128 3420 1256 3479 Marcius

85 3511 106 3588 †
125 3511 314 3570 Marcellinus
330 3511 350 3588 Τ
365 3510 508 3586 Serapion
522 3509 542 3587 †
556 3512 726 3570 Alexander
743 3508 764 3586 Τ
778 3509 888 3570 Vitalis
903 3508 923 3587 Τ
939 3509 1095 3585 Philippus
1109 3508 1130 3586 Τ
1144 3509 1256 3585 Dyoni-

87 3601 149 3659 sius
168 3598 196 3676 †,
216 3619 270 3676 per
288 3600 364 3660 istos
383 3600 443 3658 VII
461 3601 569 3660 fratres
590 3599 770 3659 dormientes
790 3600 910 3659 coniurc
929 3618 982 3659 vos
1001 3617 1131 3674 vermes,
1155 3601 1191 3656 ut
1209 3617 1255 3656 rc-

86 3689 197 3748 cedatis
218 3692 248 3764 eut
266 3689 417 3748 hominem
435 3689 527 3748 istum
546 3710 605 3750 non
623 3690 739 3749 ledatis.

174 3868 328 3928 Permulta
343 3868 552 3942 superstitiosa
565 3869 781 3928 medicamenta
794 3865 919 3942 praebet
932 3866 1023 3925 codex
1036 3865 1078 3925 St.
1092 3864 1172 3925 Galli
1184 3868 1256 3941 751,

87 3976 161 4016 saec.
175 3957 218 4015 IX
236 3957 362 4030 inedita,
389 3957 424 4016 de
449 3975 507 4034 quc
526 3957 704 4016 Valentinus
724 3957 801 4016 Rose
820 3955 921 4015 Herm.
936 3954 1011 4014 VIII
1029 3976 1058 4031 p.
1073 3957 1115 4015 48
1127 3975 1169 4031 sq.
1193 3955 1256 4030 egit

86 4048 117 4103 et
134 4047 277 4105 nonnulla
295 4067 322 4122 p.
339 4047 380 4105 54
405 4045 464 4104 iam
489 4045 589 4105 edidit.
625 4046 662 4104 In
684 4047 736 4105 illo
760 4045 859 4106 codice
882 4065 931 4122 pp.
949 4046 1131 4104 183-292
1157 4047 1256 4103 exstat

85 4133 215 4210 libellus,
234 4136 285 4210 qui
303 4139 427 4196 vocatur
447 4129 605 4195 ‘Medicina
623 4129 724 4194 Plinii'
751 4135 854 4194 multis
874 4153 940 4192 cum
959 4134 1254 4210 interpolationibus,

86 4223 122 4281 de
140 4224 196 4282 hac
214 4242 247 4281 rc
269 4224 337 4283 vide
356 4224 446 4285 Rosci
469 4225 574 4301 verba3
598 4243 614 4283 e
637 4243 745 4303 magno
768 4225 904 4284 locorum
926 4225 1106 4283 Insericrum
1129 4240 1254 4280 numero

85 4312 158 4371 haec
176 4313 399 4373 incantamenta
417 4313 570 4390 exscripsi:
1219 4359 1230 4379 .

176 4421 199 4460 c.
213 4401 229 4459 I
245 4427 285 4449 ==
301 4423 328 4478 p.
342 4405 414 4463 184.
442 4403 491 4462 Ad
504 4402 610 4479 capitis
625 4403 766 4463 dolorem.
786 4403 935 4462 adscribes
949 4402 981 4460 in
995 4419 1108 4478 papyro
1123 4400 1254 4460 ferarum

85 4490 206 4549 nomina
228 4492 259 4549 et
282 4492 319 4550 ad
345 4495 436 4568 caput
458 4493 581 4568 ligabis:
609 4487 696 4572 ‘lea,
724 4493 793 4569 leo,
821 4496 970 4567 taurus,
983 4491 1104 4568 tigris,
1134 4509 1253 4567 ursus,
