3150 5152
503 303 713 357 incantamenta
729 304 840 378 magica
858 320 960 374 graeca
976 303 1073 359 latina.
1162 287 1165 292 ¹
1310 305 1375 368 499

296 471 504 530 Praecantatio
528 472 566 528 ad
592 490 684 546 equos
712 472 865 532 bordiatos
893 472 955 530 sivo
983 473 1020 530 ad
1048 473 1223 550 tersionem,
1251 473 1376 550 Absyrti

207 559 345 636 apopiras
372 553 430 641 (=
454 553 519 619 ἀπὸ
547 551 673 640 astoer)
701 561 752 620 ait.
798 554 934 637 ‘Equus
966 562 1113 620 telluris
1141 561 1228 620 flori
1255 566 1376 638 natus,

207 668 322 722 orcae,
342 653 516 725 cognatas
535 668 638 709 orcas
661 650 785 724 pedem
808 649 914 725 indit,
938 649 1024 723 vidi,
1050 669 1141 709 nanc
1165 669 1229 724 ego
1252 651 1375 726 pedem

206 737 323 795 indam
352 757 445 814 orco,
473 738 502 796 si
530 737 766 811 tortionatas,
795 739 826 796 si
852 738 1055 811 hordiatas,
1084 738 1114 797 si
1141 739 1316 813 lassatas,
1345 741 1374 797 si

206 828 382 904 calcatas,
406 827 437 885 si
459 827 736 901 vermigeratas,
760 827 790 885 si
813 828 1043 903 vulneratas,
1067 827 1098 886 si
1121 831 1375 903 marmoratae,

206 916 237 974 si
255 915 462 992 roboratas,
481 915 512 973 si
531 933 641 991 equas
660 934 728 974 non
746 915 885 991 poterit
903 935 989 974 esse.
1017 916 1182 976 nocivam
1197 917 1281 992 qaia
1299 917 1375 975 vidi

205 1022 337 1081 orcam,
369 1004 423 1061 his
451 1003 672 1063 carminibus
699 1004 782 1063 istis
811 1004 913 1081 equis
941 1004 1031 1063 dabo
1061 999 1285 1080 remedium’3
1319 1005 1375 1063 hoc

204 1111 323 1151 carmen
341 1093 493 1150 inaurem
518 1094 653 1150 dextram
676 1111 752 1168 equo
776 1093 869 1151 dices:
893 1087 1020 1151 ‘semel
1042 1097 1161 1170 natus,
1186 1093 1297 1152 semel
1320 1113 1374 1151 re·

203 1174 412 1257 mediatas'3
428 1184 457 1239 et
468 1181 550 1255 spuis
563 1180 719 1254 inaurem,
734 1181 914 1255 remediasti,
929 1181 1150 1256 sifreqaentias
1164 1182 1371 1240 incantaveris.

204 1261 320 1328 (Codexz
340 1259 456 1326 aeluris3
480 1261 639 1326 florinacas;
663 1261 723 1316 vidi
740 1277 796 1316 non
815 1277 867 1332 ego
888 1263 988 1331 pedem
1007 1277 1084 1330 orco,
1108 1262 1209 1328 lassas;
1239 1266 1374 1316 noctuam

205 1331 271 1400 qaia
288 1332 386 1386 videor
405 1331 521 1386 samiis
540 1332 730 1400 carminibus).

291 1499 361 1557 Alia
392 1503 492 1558 exstat
522 1498 602 1574 apud
633 1500 830 1576 Pelagoniam
864 1501 1044 1578 incantatio,
1081 1501 1172 1559 etiam
1204 1500 1235 1556 in
1267 1518 1373 1575 corpas

201 1587 456 1663 Hippiatricoram
484 1583 526 1665 (p.
552 1589 628 1660 100,
653 1607 676 1647 c.
698 1591 761 1648 692
794 1589 839 1648 ed.
868 1589 967 1648 Miller
981 1615 1024 1637 =
1039 1589 1084 1648 ed.
1109 1589 1215 1673 Ruelle
1238 1589 1375 1647 Basileae

204 1669 322 1754 15371)
341 1696 370 1751 p.
385 1667 463 1758 216)
482 1680 611 1753 recepta,
630 1696 706 1752 qaae
725 1678 819 1737 solem
839 1697 983 1755 equorum
1002 1679 1088 1753 quasi
1107 1678 1195 1736 deum
1214 1695 1280 1736 esse
1299 1696 1376 1736 com-

204 1769 365 1824 memorat:

267 1845 347 1914 113.
372 1854 472 1930 Pelag.
492 1873 516 1912 c.
529 1853 584 1911 XX
602 1875 630 1930 p.
646 1857 697 1914 76.
785 1847 788 1918 l
865 1850 1057 1928 Ἱππιατρικά
1075 1875 1103 1930 p.
1121 1857 1191 1931 100,
1211 1873 1234 1913 c.
1251 1857 1324 1915 692.

245 1959 321 2019 Item
332 1960 358 2018 si
367 1960 478 2035 vipera,
492 1963 546 2018 aat
560 1961 692 2039 falangio
707 1965 760 2028 aut
858 1956 1071 2032 Πελαγωνὶου
1087 1957 1167 2034 πρὸ(
1181 1957 1221 2019 τὰ
1235 1955 1300 2020 ἀπὸ
1311 1957 1374 2035 ἐχί-

201 2068 267 2107 mus
282 2068 408 2108 araneas
423 2050 625 2127 momorderit,
638 2052 760 2125 prodest
815 2050 891 2123 bvnc
916 2047 1061 2124 δήγματα
1083 2046 1134 2108 καὶ
1158 2049 1298 2123 μυγαλῆ(
1324 2047 1375 2109 καὶ

200 2142 313 2197 terram
327 2138 519 2196 formicarum
533 2157 599 2197 cam
613 2139 682 2199 vino
696 2140 760 2197 fau·
815 2133 998 2212 φαλαγγίου
1009 2130 1050 2219 (a.
1061 2139 1080 2196 l.
1094 2129 1176 2218 ίων).
1195 2133 1373 2213 (υμβάλλε-

203 2227 286 2286 cibas
304 2227 470 2302 infundere,
489 2230 542 2284 aut
555 2227 622 2303 ipsa
635 2228 761 2287 vulnera
801 2243 864 2285 4ται
887 2227 955 2286 τοῖ(
982 2224 1217 2300 πεπληγμένοι(
1240 2228 1279 2301 γῆ
1309 2221 1373 2286 ἀπὸ

201 2316 375 2374 confricare:
395 2316 447 2374 sed
466 2319 497 2374 et
515 2317 606 2374 verba
620 2316 762 2392 religiosa
815 2314 985 2389 μυρμηκιᾶς
1004 2312 1271 2388 ἑγχυματιζομένη
1294 2312 1372 2388 μετὰ

202 2423 261 2464 non
280 2403 391 2480 desint,
418 2423 488 2461 nam
507 2404 552 2462 sol
570 2404 761 2479 peculiariter
815 2398 906 2462 οἴνου
925 2399 976 2462 καὶ
990 2399 1071 2462 αὐτὰ
1086 2400 1120 2461 δὲ
1136 2397 1319 2477 ἀποτρίβειν
1333 2399 1374 2462 τὰ

201 2493 338 2552 dominas
366 2510 511 2567 equorum
538 2492 694 2552 invocatus
723 2493 761 2551 ad
815 2489 996 2565 πλήγματα·
1015 2488 1033 2564 ἡ
1054 2487 1089 2549 δὲ
1105 2487 1239 2564 θεοφίλη
1255 2487 1374 2565 λιπαρὰ

201 2581 348 2641 medelam
368 2581 466 2657 adest,
486 2600 574 2656 quem
593 2582 648 2640 hoo
664 2582 760 2655 modo,
805 2578 984 2655 Ιπαρήματα
999 2575 1176 2653 καὶὸήλιο(
1187 2578 1253 2639 τῶν
1263 2574 1373 2639 ἵππων

200 2707 267 2747 ,um
286 2693 399 2746 terram
413 2672 441 2764 ἰ)
456 2688 607 2763 talparum
628 2688 759 2763 coeperis
814 2663 911 2728 ἰδικό(
926 2665 1008 2727 ἐςτιν
1022 2663 1176 2741 δεεπότη(
1190 2665 1241 2726 καὶ
1251 2664 1372 2741 χαίρων

199 2777 315 2850 tollere,
344 2777 496 2836 invocabis
524 2776 578 2835 sic:
603 2770 668 2854 ‘ta,
697 2778 760 2836 sol
814 2755 895 2831 πρὸ(
913 2755 971 2832 Τὴν
988 2751 1258 2859 Τούτωῆἔβχεῖαῑ
1280 2760 1371 2830 θερα-

200 2865 334 2938 aivsne,
380 2865 496 2924 calide
541 2869 575 2923 ee
612 2865 759 2942 frigido,
813 2842 916 2906 πείαν·
970 2843 1221 2922 ἐπικαλουμενοε
1247 2841 1372 2904 οὕτω(

199 2947 759 3028 tantammibiabalienasti'3hoc
813 2929 867 2996 ὅτε
900 2932 958 3009 Τὴν
990 2936 1050 3009 γῆν
1082 2931 1252 3009 λαμβάνεῑ(
1285 2931 1372 3006 bss't'fi'

199 3042 291 3119 dices,
309 3045 341 3101 et
359 3043 592 3118 suprascriptam
613 3044 760 3102 medelam
813 3020 947 3129 Λὲσπθξα
973 3017 1043 3126 ἥλιξ
1064 3017 1156 3101 &fiili
1188 3019 1237 3081 καὶ
1268 3019 1372 3125 ψυχέζὲ,

198 3131 335 3190 faucibus
353 3131 483 3190 infunde,
812 3114 952 3172 τοσοῦτον
973 3132 1007 3188 με
1026 3110 1279 3189 απηλλοτρίωοαςς
1298 3127 1370 3169 του·

812 3217 850 3259 το
870 3197 975 3272 λέγων
995 3194 1111 3274 ἔμβαλε
1132 3195 1210 3258 κατὰ
1228 3199 1286 3257 τοῦ
1301 3198 1370 3258 λαι-

813 3289 873 3362 μοῦ
896 3285 934 3346 τὸ
959 3286 1109 3364 βοήθημα.

290 3405 322 3457 In
335 3404 379 3458 his
394 3403 487 3458 verbis
501 3386 630 3458 offendit:
649 3408 667 3472 ἡ
683 3407 713 3458 δὲ
728 3405 844 3471 θεοφίλη
859 3406 959 3472 λιπαρὰ
967 3407 1124 3471 ’παρήματα
1139 3405 1183 3456 καὶ
1198 3404 1214 3456 ὁ
1228 3407 1305 3469 ἥλιος
1319 3445 1325 3456 .
1337 3443 1343 3454 .
1355 3445 1370 3470 ,,

199 3476 328 3542 adquae
352 3475 438 3531 verba
466 3476 585 3532 adnotat
608 3474 713 3530 Miller:
745 3475 971 3545 ‘probablement
994 3479 1012 3543 ἡ
1033 3477 1063 3528 δὲ
1081 3476 1145 3529 θεὸς
1163 3477 1236 3542 φιλεῖ
1258 3475 1371 3542 λιπαρή-

290 3696 316 3760 1)
334 3689 388 3744 Hic
408 3692 596 3758 Ἱππιατρικῶν
614 3690 704 3746 codex
721 3687 808 3745 Paris.
827 3694 897 3743 2322
915 3687 1005 3742 multo
1020 3687 1111 3758 magis
1124 3687 1276 3756 respondet
1291 3686 1371 3741 Pela·

198 3763 295 3832 gonio,
320 3779 405 3830 quam
428 3760 515 3815 editio
538 3759 716 3827 Basiliensis3
746 3760 813 3815 ordo
838 3759 912 3813 e'nim
934 3758 1134 3827 remediorum,
1161 3759 1250 3813 velati
1272 3759 1372 3828 capitis

198 3834 282 3903 primi
301 3835 330 3886 et
349 3831 421 3886 sexti
439 3831 598 3900 Pelagonii,
624 3832 697 3886 inter
721 3832 790 3886 duos
807 3831 894 3885 libros
914 3830 1026 3885 omnino
1049 3830 1108 3884 fere
1132 3828 1284 3897 consentit,
1308 3846 1371 3883 cam

199 3904 295 3973 codex,
315 3922 370 3973 qao
388 3903 508 3957 Ioannes
527 3902 635 3971 Ruelle,
653 3901 760 3973 primas
780 3901 878 3970 editor,
897 3918 963 3955 asas
982 3903 1034 3968 est,
1053 3902 1173 3955 maltam
1187 3918 1205 3954 a
1218 3898 1370 3970 Pelagonia

199 3975 296 4030 distet.
326 3977 419 4042 Atque
434 3973 520 4028 etiam
536 3991 569 4026 ex
583 3973 740 4028 hoccodice
751 3972 878 4028 Parisino
889 3972 959 4026 mihi
968 3970 1120 4026 verisimile
1129 3972 1170 4040 fit,
1184 3972 1368 4039 Pelagoniam

198 4050 230 4101 at
247 4064 321 4100 nano
340 4047 369 4099 in
388 4045 511 4099 editions
531 4043 623 4098 Oionii
640 4045 775 4098 habemas
794 4042 922 4113 plurimis
937 4043 1005 4097 locis
1020 4059 1036 4097 e
1050 4059 1165 4112 corpore
1182 4044 1370 4110 Ἱππιατρικῶν

198 4117 319 4184 fluxisse,
338 4132 506 4185 quamquam
524 4114 638 4169 infitiari
656 4132 713 4169 non
730 4132 844 4183 possam
863 4115 953 4184 primo
968 4113 1151 4183 Pelagoniam
1166 4114 1263 4168 latinis
1278 4113 1370 4167 verbis

198 4189 386 4257 conscriptam
409 4204 482 4254 esse;
513 4187 561 4255 qui
583 4186 688 4241 latinus
716 4184 863 4255 Pelagonii
889 4186 961 4239 liber
987 4184 1017 4240 in
1047 4185 1214 4253 Ἱππιατρικά
1241 4185 1369 4253 receptas

198 4262 297 4327 postea
315 4258 381 4313 inde
399 4257 428 4312 in
447 4258 566 4312 latinam
585 4274 741 4312 sermonem
767 4258 899 4326 deinceps
922 4259 998 4312 retro
1021 4256 1147 4311 converti
1168 4258 1267 4325 potest.
1304 4257 1370 4309 Per·

198 4330 302 4384 maltos
321 4331 398 4384 locos
417 4333 562 4399 corruptos
581 4327 697 4384 alterius
715 4328 781 4382 libri
801 4345 834 4382 ex
848 4330 937 4383 altero
952 4327 1036 4382 facile
1051 4327 1247 4391 emendantar3
1271 4325 1370 4380 sedda

198 4400 251 4454 hac
274 4419 304 4455 re
326 4401 374 4456 vix
396 4401 476 4469 prius
494 4400 618 4455 iudicare
641 4415 768 4470 possam,
798 4415 882 4480 qnam
909 4399 991 4453 Ihmii
1020 4397 1251 4468 disputationem:
1274 4395 1369 4452 Prole-

200 4486 319 4541 gomena
333 4473 362 4526 in
371 4488 473 4526 novam
481 4470 628 4542 Pelagonii
642 4470 710 4527 artis
725 4471 910 4526 aetermariae
925 4469 1076 4526 editionem
1086 4469 1165 4524 Halis
1175 4472 1242 4522 1891
1253 4467 1369 4538 inspexi.
