3150 5152
293 299 359 364 470
461 299 596 356 Ricardus
615 300 709 354 Heim:
729 301 942 354 Incantamenta
960 298 1071 369 magica
1090 317 1190 370 graeca
1208 299 1304 357 latina.

294 470 423 545 scripsit:
449 470 628 529 characteres
651 487 722 529 sesac
739 487 798 529 noa
820 471 931 529 tuocuc's
954 472 987 528 c‘a
1009 471 1115 537 codice,
1140 471 1164 528 c'c'
1186 472 1465 543 concrepabant.

292 560 328 617 In
342 559 491 634 Hippiatr.
507 559 528 619 l.
538 578 561 618 e.
576 580 605 634 p.
618 562 667 634 69,
683 577 706 617 c.
717 561 780 617 441
797 559 926 617 formula
939 559 1057 634 magica
1070 577 1129 617 non
1144 561 1249 630 exstat,
1264 577 1302 617 ne
1317 560 1465 618 secretum

292 650 324 706 et
343 647 510 723 obscurum,
530 647 585 705 sub
605 667 663 723 quo
682 648 754 706 haec
772 666 820 706 res
834 648 939 720 latent,
958 647 1127 724 aperiatur:
1145 642 1308 720 ἐνδέχεται
1327 644 1388 722 γὰρ
1407 645 1465 708 τὸν

291 731 548 811 περιαπτόμενον
566 731 733 810 γράμματα
752 734 792 810 μὴ
813 731 940 796 εἰδέναι.

380 825 517 900 Denique
535 825 678 884 nonnulla
692 826 728 884 de
744 825 859 901 sylloge
873 826 940 901 ipsa
954 844 1030 900 quae
1044 825 1123 883 infra
1137 827 1280 901 sequetur
1294 826 1350 885 dici
1365 826 1464 901 liceat,

291 915 438 992 imprimis
457 915 531 973 haec
550 915 682 973 carmina
700 934 716 972 e
735 913 867 986 medicis,
887 915 1086 990 hippiatriois,
1110 914 1280 989 geoponicis
1300 918 1330 974 et
1348 916 1464 992 graecis

293 1008 324 1063 et
341 1003 443 1063 latinis
462 1004 593 1078 excerpsi
612 1007 643 1062 et
661 1006 806 1078 quantum
820 1004 905 1078 potui
919 1023 973 1078 pro
987 1003 1180 1062 multitudine
1194 1022 1296 1062 eorum
1312 1004 1464 1079 congessi;

292 1094 344 1151 sed
363 1111 493 1168 papyros
512 1093 642 1168 magicas
661 1092 883 1164 Berolmenses,
902 1091 1118 1168 Londinenses,
1137 1092 1364 1169 Lugdunenses,
1385 1093 1463 1154 Oxo·

291 1183 418 1256 nienses,
430 1181 580 1240 Parisinas
590 1201 608 1239 a
618 1181 775 1258 Partheyo,
787 1181 972 1253 Leemansio,
982 1180 1157 1257 Wesselyio,
1166 1181 1347 1241 Dieterichio
1358 1183 1464 1260 editas,

291 1271 323 1328 in
342 1271 450 1346 quibus
463 1271 676 1345 pedetemptim
691 1269 855 1347 exorcismi,
874 1270 978 1346 hymni
991 1270 1107 1345 magici,
1127 1271 1280 1329 cantiones
1295 1276 1463 1347 occurrunt,

292 1360 466 1435 plerumque
484 1360 602 1435 neglexi
621 1362 651 1418 et
670 1359 820 1418 occasione
834 1361 954 1417 tantum
968 1359 1039 1418 data
1053 1361 1293 1435 commemoravi3
1312 1361 1464 1436 permulta

294 1449 432 1524 carmina,
448 1449 548 1508 aviris
563 1441 690 1528 doctisl)
705 1451 807 1523 spreta
821 1450 851 1506 et
865 1467 972 1523 operae
986 1448 1082 1523 pretio
1097 1467 1157 1506 non
1170 1467 1235 1507 esse
1250 1449 1340 1524 digna
1350 1449 1462 1520 habita,

291 1538 323 1595 in
341 1537 490 1596 codicibus
505 1537 617 1596 inedIta
631 1537 736 1612 latent,
756 1539 790 1595 ut
803 1537 852 1596 vel
867 1556 932 1595 eam
947 1536 984 1596 ob
999 1555 1120 1595 causam
1134 1539 1200 1596 tota
1214 1537 1299 1613 eopia
1314 1538 1468 1598 exhauriri

292 1645 352 1685 non
371 1627 475 1701 possit,
513 1624 586 1684 Cum
602 1627 648 1685 his
663 1625 780 1702 paginis
794 1626 855 1685 vim
869 1625 1016 1701 magicam
1030 1625 1189 1685 verborum
1204 1627 1351 1700 explicare
1365 1627 1465 1703 velim,

292 1734 352 1774 non
378 1715 476 1774 solum
499 1715 735 1790 incantamenta,
764 1733 839 1790 quae
864 1717 894 1773 et
917 1715 1104 1790 pronuntiari
1128 1717 1158 1773 et
1181 1714 1271 1773 scribi
1294 1717 1468 1795 potuerunt,

293 1804 419 1880 contuli,
444 1805 495 1863 sed
514 1804 605 1862 etiam
624 1803 846 1878 inscriptiones,
873 1822 949 1878 quae
967 1804 998 1861 in
1017 1803 1156 1862 amuletis
1179 1803 1346 1878 insculptae
1368 1808 1467 1880 porta-

249 1922 251 1927 ·
295 1893 414 1968 bantur,
424 1895 569 1970 quantum
578 1893 779 1951 necessarium
791 1895 844 1968 est,
859 1892 998 1951 tractavi.
1026 1892 1103 1950 Item
1113 1892 1278 1952 devotionis
1289 1886 1466 1974 formulas²)

294 1982 490 2056 praetermisi,
510 1981 670 2041 verborum
689 1981 873 2056 magicorum
892 1984 1073 2055 potestatem
1092 1980 1251 2057 praecipue
1266 1982 1416 2040 salubrem
1437 1987 1468 2041 et

291 2071 407 2144 utilem,
426 2090 486 2128 non
505 2069 601 2128 diram
620 2074 651 2129 et
668 2069 803 2128 nocivam
822 2069 883 2129 vim
902 2061 1180 2150 imprecationum³)
1201 2070 1413 2146 descripturus.

383 2259 409 2326 1)
428 2255 573 2311 Permulta
592 2256 728 2324 carmina,
755 2256 899 2312 exorcismi
925 2258 954 2312 et
971 2256 1183 2312 benedictiones
1206 2273 1278 2325 quae
1300 2257 1466 2327 plerumque

292 2326 386 2382 medio
406 2344 476 2382 aevo
495 2330 559 2382 orta
577 2331 641 2382 sunt
660 2345 677 2382 a
694 2327 847 2397 philologis
866 2328 1034 2396 germanicis
1058 2329 1135 2382 edita
1159 2332 1223 2382 sunt
1245 2327 1275 2382 in
1297 2343 1466 2397 unoquoque

293 2398 351 2453 fere
369 2397 512 2454 volumine
537 2397 757 2467 ephemeridum:
784 2398 957 2454 ‘Zeitschrift
980 2399 1025 2452 fiir
1048 2400 1094 2453 die
1117 2399 1216 2452 Kunde
1240 2399 1288 2454 der
1311 2399 1466 2454 deutschen

293 2470 415 2538 Vorzeit,
434 2470 596 2525 Zeitschrift
614 2472 658 2524 fiir
676 2471 824 2525 deutschen
839 2471 989 2538 Altertum,
1009 2471 1169 2526 Germania'
1187 2474 1253 2536 etc}
1271 2469 1348 2525 locos
1366 2468 1465 2526 afferre

293 2557 530 2611 supervacaneum
551 2543 601 2609 est,
620 2541 728 2596 indices
747 2541 893 2610 quaerenti
910 2541 1140 2610 suppeditabunt.
1403 2599 1406 2604 ,

380 2614 408 2681 2)
428 2613 525 2680 Locos,
544 2613 593 2666 ubi
611 2612 725 2666 tabulae
744 2612 901 2667 devotionis
920 2614 1012 2666 editae
1032 2615 1097 2666 sunt
1115 2615 1144 2666 et
1161 2613 1197 2664 de
1216 2613 1269 2666 hoc
1288 2630 1338 2666 usu
1353 2612 1465 2682 magico

292 2683 394 2753 agitur,
410 2683 584 2753 collegerunt
597 2683 913 2750 Marquardt-Wissowa
928 2684 1018 2738 ‘acm
1029 2683 1141 2738 Altern’
1158 2683 1215 2737 V12
1228 2702 1255 2753 p.
1268 2687 1364 2751 111sq.
1375 2684 1464 2737 erim?

291 2759 320 2810 et
337 2754 480 2808 Dieterich
494 2752 714 2823 Prolegomenon
733 2755 768 2807 ad
783 2769 848 2823 pap.
864 2769 938 2823 mag.
953 2754 982 2808 in
997 2754 1170 2809 Fleckeiseni
1184 2753 1276 2809 annal.
1292 2753 1384 2823 suppl.
1400 2754 1464 2808 XVI

291 2845 318 2896 p.
334 2831 385 2880 789
397 2843 446 2893 sq,
465 2824 514 2878 sed
533 2841 663 2878 numerus
677 2825 776 2879 harum
790 2825 950 2879 tabularum
963 2825 993 2878 in
1008 2825 1068 2879 dies
1083 2826 1214 2893 augetur3
1234 2824 1268 2880 cf.
1284 2824 1367 2879 Klein
1387 2824 1464 2880 ‘Drei

291 2895 430 2951 rtmische
453 2894 682 2963 Bleitiifelchen’,
711 2896 741 2949 in
766 2895 947 2950 ‘Festschrift
970 2915 1032 2950 zum
1056 2895 1224 2966 50jhhrigen
1247 2896 1390 2950 Jubilaum
1414 2896 1463 2951 des

291 2965 407 3022 Vereins
427 2968 476 3021 der
493 2965 784 3021 Alterthnmsfreunde
805 2966 845 3020 im
863 2966 1050 3021 Rheinlande’
1071 2987 1098 3034 p.
1114 2973 1164 3021 129
1176 2985 1245 3036 sqq,
1267 2966 1463 3037 ‘Proceedings

292 3039 323 3094 of
334 3040 382 3094 the
398 3037 503 3106 society
519 3037 549 3092 of
560 3035 676 3092 biblical
691 3037 887 3107 archaeology’
904 3038 958 3093 vol.
974 3039 1047 3106 ΧΠΙ,
1062 3038 1134 3107 Eph.
1150 3039 1236 3108 epigr.
1249 3038 1312 3092 VIII
1323 3041 1374 3092 529
1391 3057 1427 3093 m.
1438 3055 1463 3093 a.

380 3112 407 3177 3)
428 3108 467 3165 ef.
488 3108 614 3162 Schmidt
634 3109 710 3164 ‘Alte
728 3108 1101 3180 Verwtinschungsformeln’
1127 3109 1156 3163 in
1176 3108 1349 3164 Fleckeiseni
1368 3111 1463 3166 annal.

291 3181 347 3236 vol.
363 3186 413 3235 143
432 3200 460 3250 p.
475 3185 605 3248 oe1sqq,
624 3180 708 3249 Lewy
725 3181 762 3235 ib.
782 3199 809 3250 p.
825 3186 876 3235 816
887 3199 928 3249 sq.
