3150 5152
210 281 277 344 486
675 280 811 337 Ricardus
830 280 924 338 Heim:

212 470 312 528 suum,
340 454 370 508 et
399 469 464 508 eam
493 450 668 528 praecingat
692 451 723 509 et
745 450 838 510 dicat:
866 443 964 526 ‘ergo
993 451 1150 512 desinas:
1180 451 1322 527 explica
1349 454 1385 510 te

208 533 457 599 laborantem?

299 618 355 673 Sed
374 621 459 689 caput
480 620 523 673 ‘ut
541 617 643 673 mulier
661 619 812 688 concipiat'
832 636 888 675 non
906 621 1015 690 placet,
1041 621 1160 676 fortusse
1185 637 1277 674 errore
1300 620 1384 691 scrip·

212 690 290 759 toris,
309 690 385 759 quod
404 690 599 745 antecedentia
618 690 703 746 verba
720 691 874 745 remedium
894 693 1044 760 continent,
1065 693 1108 746 ‘ut
1127 690 1226 746 mulier
1244 709 1301 747 non
1320 710 1385 747 con·

212 762 311 830 cipiat’
333 764 425 816 ortum
445 764 496 830 est,
521 763 569 816 sed
588 778 651 815 mea
669 762 783 830 quidem
802 764 944 818 sententia
961 763 1110 832 legendum
1135 765 1189 818 est:
1215 764 1260 818 ‘ut
1282 762 1384 818 muller

207 833 279 886 bene
294 832 414 902 pariat';
429 835 513 902 atque
527 832 667 902 praefero:
685 833 805 903 ‘explico
819 836 847 889 te
862 835 1059 902 laborantem';
1072 834 1168 889 tamen
1182 836 1274 890 totum
1287 835 1385 890 incan-

207 908 364 959 tamentum
382 904 461 958 hiare
480 904 597 960 videtur.

299 1063 356 1130 79.
383 1072 458 1131 Plin.
473 1073 559 1131 XXII
575 1075 625 1134 61.
649 1073 733 1149 Magi
749 1074 960 1149 heliotropium
976 1071 1032 1150 [in]
1049 1075 1202 1155 quartanis
1217 1077 1333 1150 quater,
1351 1076 1384 1133 in

208 1161 347 1220 tertianis
376 1163 424 1220 ter
450 1163 570 1239 alligari
592 1162 698 1221 iubent
727 1163 765 1221 ab
792 1163 858 1238 ipso
878 1181 968 1238 aegro
988 1163 1161 1240 precarique
1188 1183 1264 1222 eum
1284 1164 1382 1224 solu·

207 1252 332 1307 turum
351 1268 386 1309 se
405 1251 518 1310 nodos
536 1251 736 1311 liberatum
756 1253 787 1310 et
803 1252 902 1310 tacere
920 1271 980 1311 non
998 1256 1137 1328 exempta
1155 1254 1256 1313 herbe.

298 1421 356 1490 80.
384 1429 474 1488 Marc.
493 1429 564 1488 XIV
579 1432 630 1490 26.
652 1429 817 1490 Laboranti
831 1448 906 1489 uvae
920 1430 994 1489 haec
1008 1447 1079 1488 cura
1094 1430 1238 1490 succurit:
1256 1430 1301 1489 De
1320 1449 1381 1490 uva

208 1535 297 1592 passa
311 1518 405 1593 eliges
420 1537 556 1596 granum,
571 1519 650 1595 quod
664 1538 756 1577 unum
769 1519 951 1578 intrinsecus
965 1519 1104 1577 nucleum
1119 1519 1238 1598 habeat,
1253 1538 1382 1596 eumque

206 1607 237 1663 in
255 1606 410 1680 phoenicio
429 1607 568 1684 alligabis
588 1612 619 1667 et
637 1607 782 1682 faucibus,
806 1608 837 1666 id
856 1608 952 1668 estin
970 1608 1092 1684 regione
1110 1628 1196 1686 uvae,
1219 1609 1332 1668 inseres
1351 1612 1382 1668 et

207 1695 324 1754 tenebis
344 1699 374 1754 et
393 1696 485 1756 dices:
511 1691 599 1756 ‘uva
624 1717 729 1758 uvam
748 1691 954 1775 emendat'3
977 1716 1047 1756 mox
1069 1697 1169 1773 ipsum
1191 1698 1380 1774 phoenicium

208 1802 297 1860 supra
315 1785 458 1844 verticem
477 1787 540 1844 eius
559 1787 675 1844 tenebis
694 1790 725 1845 et
742 1787 821 1845 idem
845 1787 924 1846 dices
943 1805 1069 1862 cumque
1092 1789 1139 1845 ter
1156 1785 1256 1863 ipsum
1273 1787 1380 1846 feceris

210 1876 240 1930 et
258 1873 478 1952 carminaveris,
498 1875 574 1932 collo
594 1875 722 1934 dolentis
742 1875 916 1953 subligabis.

295 1957 342 2019 (sc.
364 1954 441 2009 ‘uva’
462 1955 480 2008 i.
501 1972 523 2010 e.
543 1953 650 2009 fructus
669 1958 698 2009 et
718 1955 824 2010 ‘uvam'
845 1955 863 2008 i.
883 1973 906 2010 e.
926 1955 1050 2011 faucium
1069 1955 1254 2027 dolorem1).).

297 2032 361 2092 Hoc
380 2033 445 2093 loco
464 2034 574 2093 iterum
594 2035 798 2094 similitudinis
822 2054 912 2094 causa
931 2036 1115 2094 afferendum
1134 2038 1180 2095 est
1198 2035 1288 2094 Marc.
1307 2035 1381 2094 VIII

207 2123 279 2197 193,
305 2121 384 2198 quod
407 2141 498 2198 supra
523 2144 551 2199 p.
566 2125 632 2183 480
650 2143 698 2182 me
724 2125 894 2183 emendasse
920 2128 1007 2200 puto:
1032 2120 1117 2184 ‘item
1136 2126 1192 2184 hoc
1215 2124 1380 2183 remedium

206 2210 313 2269 efficax
332 2202 386 2291 (sc.
401 2204 625 2294 hordeolis):
644 2231 739 2289 grana
752 2232 858 2273 novem
877 2214 1005 2274 hordei
1024 2233 1194 2275 sumes...
1215 2216 1246 2272 et
1260 2232 1379 2272 carmen

205 2300 260 2358 hoc
279 2300 370 2359 dices:
391 2303 482 2381 φεῦγε
500 2303 591 2380 φεῦγε
609 2295 709 2380 κριθή,
727 2302 864 2380 κρείττων
887 2319 918 2362 σε
937 2293 1057 2362 ardua?

291 2389 446 2448 Interdum
473 2391 606 2450 remedia
633 2410 669 2450 ex
697 2392 892 2450 similitudine
919 2411 1026 2453 vocum
1049 2394 1080 2450 et
1103 2391 1272 2467 verborum,
1301 2410 1379 2466 quae

202 2479 281 2538 inter
300 2497 409 2538 senon
432 2480 604 2558 cohaerent,
629 2483 750 2556 sumpta
773 2500 837 2540 esse
861 2482 1011 2557 videntur,
1036 2483 1071 2539 ut
1090 2481 1180 2539 Marc.
1199 2479 1276 2538 VIII
1303 2482 1376 2540 128.

201 2565 252 2626 Aa
270 2570 365 2626 oculos
384 2571 713 2629 scabros...saluber
732 2575 773 2628 est
789 2572 1006 2630 scarabaeus
1019 2571 1186 2644 pilosus...
1202 2573 1233 2629 et
1251 2569 1379 2628 XXXVI

203 2658 254 2715 46.
278 2655 329 2716 Ad
346 2659 512 2717 utramlibet
523 2660 688 2732 podagram
711 2661 868 2718 remeatum
893 2662 949 2718 stc:
972 2660 1189 2732 torpediuera
1213 2661 1311 2718 uiuam
1333 2661 1378 2718 ut-

199 2763 356 2820 urum...
375 2748 468 2805 subtel
480 2749 605 2820 pedibus
623 2752 732 2821 oportet
743 2796 749 2807 .
760 2793 767 2806 .
778 2794 802 2808 ..
823 2753 849 2806 et
865 2753 925 2807 taru
944 2750 995 2808 altu
1007 2751 1114 2822 prorui,
1133 2749 1220 2807 rtouec
1238 2750 1378 2807 sentiatur

201 2839 320 2908 torpor
333 2851 390 2908 per
404 2837 677 2909 tetragonium...
699 2867 737 2877 -
755 2837 833 2895 Item
852 2837 966 2896 luditur
984 2837 1063 2896 inter
1082 2856 1191 2896 nomen
1204 2838 1326 2913 plantae
1346 2839 1377 2896 et

201 2923 412 2998 imperativum
443 2925 529 2983 verbi
562 2918 722 2984 ‘resedere'
756 2925 835 3001 apud
862 2927 993 2984 Plinium
1024 2921 1140 2984 XXVII
1176 2928 1252 3002 131,
1289 2945 1377 3001 quem

201 3030 291 3088 supra
308 3033 336 3088 p.
351 3013 415 3072 478
431 3013 491 3072 iam
509 3015 818 3076 commemoravimus:
837 3015 979 3093 reseda,
998 3015 1140 3075 morbis
1158 3015 1300 3074 reseda.

289 3190 450 3250 Praeterea
469 3195 538 3250 sunt
557 3193 693 3269 exempla
716 3193 1005 3253 incantamentorum
1028 3194 1195 3262 inserenda,
1218 3193 1375 3270 inquibus

201 3280 260 3338 alia
278 3298 326 3338 res
345 3280 443 3339 locum
463 3281 547 3357 aegri
564 3282 612 3341 vel
630 3281 775 3342 incantati
792 3283 920 3342 hominis
938 3283 1037 3357 tenet:

241 3401 244 3407 ·
290 3360 348 3427 81.
380 3369 419 3428 ib.
438 3368 514 3428 VIII
535 3373 607 3430 199.
639 3370 803 3448 Collyrium
824 3371 861 3430 ad
880 3371 1081 3447 aspritudines
1101 3371 1256 3430 oculorum
1269 3371 1375 3430 tollen-

201 3459 254 3516 das
283 3460 314 3516 et
340 3457 379 3515 ad
406 3459 542 3518 lacrimas
572 3459 819 3537 substringendas
830 3505 944 3520 .......
954 3466 979 3520 ’..
1004 3460 1124 3537 quidam
1151 3460 1283 3518 adiciunt
1306 3458 1374 3516 huic

200 3547 323 3622 collyrio
347 3548 481 3622 viperam
505 3549 612 3607 siccam
636 3551 667 3608 et
692 3550 855 3608 arefactam
878 3550 954 3608 bene
977 3550 1008 3608 in
1027 3551 1098 3626 sole,
1108 3591 1186 3609 .....
1205 3548 1288 3624 prius
1306 3565 1372 3604 eam

199 3635 242 3694 sic
259 3637 466 3710 praesentabis
491 3630 548 3696 ‘ne
571 3638 749 3697 lacrimas
768 3629 853 3719 (sict)
873 3639 989 3712 exeat,
1008 3659 1052 3697 ne
1072 3637 1232 3710 extillet,
1250 3654 1291 3694 ne
1310 3655 1372 3695 no·

200 3717 303 3785 oeat'.
327 3725 407 3786 dices
422 3727 536 3785 autem:
556 3719 745 3802 ‘quomodo
765 3731 802 3785 tu
820 3747 888 3787 non
906 3726 1020 3804 vides,
1040 3728 1091 3787 sic
1110 3730 1145 3785 et
1162 3729 1246 3784 tuus
1266 3743 1372 3783 sucus

198 3815 370 3889 gustatus
393 3815 487 3873 nulli
511 3817 651 3891 noceat,
676 3815 739 3874 sed
762 3816 804 3874 ob
823 3835 908 3892 rem,
931 3819 1082 3893 propter
1105 3833 1208 3892 quam
1231 3813 1373 3874 adiecta

199 3921 248 3980 es,
267 3903 443 3978 proficias
462 3905 551 3962 bene
570 3905 760 3964 curatione
778 3898 924 3980 precor?

288 4056 345 4121 82.
373 4063 412 4121 ib.
427 4063 470 4120 XI
485 4066 536 4123 25.
570 4063 700 4122 Pusulae
719 4083 786 4122 cum
805 4064 903 4124 subito
920 4065 952 4123 in
965 4065 1070 4145 lingua
1083 4063 1257 4139 nascuntur,
1275 4063 1372 4138 prius-

289 4252 315 4318 1)
333 4248 373 4301 Ex
387 4249 440 4303 hac
456 4248 596 4305 sententia
612 4249 730 4304 fortasse
744 4251 924 4319 proverbium
946 4251 1043 4304 natum
1058 4251 1109 4316 est,
1130 4248 1205 4316 quod
1219 4246 1373 4304 scholiasta

198 4322 233 4374 ad
248 4321 305 4376 Iuv.
322 4320 404 4375 1181.
428 4337 535 4390 araque
552 4327 694 4389 conspecta
708 4322 818 4376 livorem
836 4324 913 4378 ducit
938 4321 972 4375 ab
986 4338 1042 4379 aaa
1060 4318 1186 4389 prodidit
1205 4320 1370 4375 memoriae:

199 4391 253 4446 hoc
276 4395 325 4458 (sc.
345 4391 483 4447 luvenalis
503 4393 600 4460 verba)
620 4408 654 4445 ex
672 4395 820 4461 proverbio
841 4392 959 4448 sumitur
977 4408 1032 4446 uua
1054 4408 1136 4446 uuam
1155 4392 1271 4447 otdruda
1288 4395 1369 4448 uaria

196 4465 239 4531 fit,
260 4466 293 4517 cf.
313 4480 378 4533 app.
396 4480 476 4533 prov.
494 4464 508 4516 l
527 4469 568 4518 60.
590 4464 690 4531 βότρυς
706 4466 777 4532 πρὸ(
795 4466 896 4532 βότρυν
914 4463 1076 4518 πεπαίνεται
1095 4465 1124 4517 et
1141 4465 1240 4533 Apost.
1257 4465 1282 4519 V
1302 4468 1327 4518 ὅ.
