3150 5152
289 287 359 348 472
769 286 903 339 Ricardus
922 270 1015 340 Helm:

385 447 418 514 7.
450 455 490 513 ib.
510 455 585 513 VIII
601 458 650 515 62.
684 455 792 515 Oculos
812 475 878 514 cum
898 455 998 514 dolere
1017 455 1082 530 quis
1102 455 1240 533 coeperit,
1259 455 1327 514 ilico
1346 457 1374 514 ei
1393 457 1465 515 sub-

293 542 402 616 venies,
436 544 465 602 si
498 548 584 620 quot
614 545 764 604 litteras
792 563 923 603 nomen
952 543 1027 603 eius
1056 545 1240 620 habuerit,
1272 546 1464 604 nominans

292 633 435 691 easdem
454 633 580 692 totidem
598 634 691 693 nodos
709 633 740 692 in
759 633 827 692 rudi
845 633 905 692 lino
926 633 1065 708 stringas.

381 785 415 854 8.
448 793 487 852 ib.
502 793 529 851 X
545 796 595 853 33.
628 793 672 852 De
692 794 835 870 sanguine
854 794 919 870 ipso
936 793 988 869 qui
1001 793 1068 851 finit
1086 767 1211 852 nomen
1230 794 1306 852 eins
1320 793 1352 851 in
1366 794 1465 854 fronte

292 882 414 983 scribe,¹
429 883 486 941 cui
509 883 717 941 medendum
742 887 812 956 est,
836 883 994 942 adversum
1017 881 1197 958 profluvium
1220 883 1337 940 narium
1362 883 1464 942 statim

292 973 555 1120 sublegiilsIheod.
574 1060 666 1119 Prisc.
681 1060 724 1118 IV
744 1053 785 1139 (p.
802 1063 885 1120 312v
905 1060 948 1120 ed.
966 1059 1034 1118 Ald.
1051 1052 1160 1139 1547.)
1179 1059 1217 1117 de
1236 1060 1301 1135 ipso
1321 1061 1466 1136 sanguine

290 1169 418 1210 nomen
437 1151 518 1208 eius
537 1150 583 1208 cui
598 1149 664 1208 fluit
682 1149 822 1208 litteris
842 1150 969 1208 latinis
989 1149 1020 1206 in
1040 1149 1137 1208 fronte
1158 1149 1263 1208 scribis
1284 1149 1321 1207 ad
1341 1169 1467 1233 cannam

293 1243 324 1298 et
342 1239 485 1298 statuisti.

383 1393 417 1460 9.
451 1399 539 1457 Marc.
559 1398 631 1456 XIV
648 1401 697 1458 65.
730 1399 848 1456 Herbae
863 1397 1033 1474 cymbalitIs
1048 1397 1179 1456 radicem
1194 1400 1264 1456 ante
1281 1399 1351 1457 solis
1367 1400 1467 1456 ortum

235 1525 237 1529 <
293 1489 400 1563 collIge
419 1488 557 1546 sinistrae
576 1507 681 1547 manus
701 1487 805 1564 digitis
819 1487 926 1562 pollice
946 1489 976 1544 et
990 1486 1159 1545 medicinali
1176 1487 1208 1544 in
1225 1487 1368 1546 nomine
1388 1487 1467 1545 eius

292 1578 353 1653 qui
372 1597 475 1637 uvam
494 1578 634 1636 dolebit
652 1575 683 1635 et
701 1577 770 1636 licio
791 1577 960 1652 colligatam
981 1576 1057 1635 collo
1076 1575 1141 1635 eius
1161 1575 1316 1650 suspende.

386 1731 441 1798 lb.
474 1737 512 1796 ib.
532 1736 604 1794 XIV
624 1740 674 1797 68.
706 1739 863 1811 Araneam,
883 1755 959 1811 quae
979 1754 1096 1794 sursum
1115 1753 1221 1794 versus
1237 1735 1318 1793 subit
1338 1737 1468 1811 attexit,

295 1827 421 1902 prendes
441 1829 471 1885 et
489 1845 619 1884 nomen
639 1827 717 1885 eius
736 1826 848 1898 dices,
866 1825 914 1882 cui
932 1825 1111 1882 medendum
1130 1824 1195 1884 erit.

385 1977 440 2046 ll.
473 1987 511 2044 ib.
531 1985 618 2044 XXII
638 1989 688 2045 10.
732 1985 768 2042 In
791 1985 903 2044 lamina
926 1987 1051 2060 stagnea
1075 1983 1184 2042 scribe:
1210 1982 1256 2043 Ite
1284 1979 1413 2044 ΝΕΡΩΝ
1439 1988 1470 2043 ct

293 2075 422 2150 desuper
439 2093 566 2133 nornen
585 2075 666 2134 eius
685 2073 899 2147 iocinerosI,
919 2073 966 2132 cui
984 2073 1096 2131 mederi
1115 2073 1210 2148 volan,
1227 2073 1330 2132 scribe.

386 2228 443 2294 12.
475 2234 576 2311 Pelag.
592 2254 615 2295 c.
630 2234 689 2293 VII
707 2226 748 2315 (p.
766 2236 816 2294 40.
832 2234 875 2294 ed.
892 2224 988 2314 Oion.)
1022 2232 1054 2290 si
1069 2233 1138 2308 equi
1152 2233 1296 2292 intestina
1310 2232 1469 2310 doluerint,

293 2324 384 2383 fuerit
407 2325 611 2398 tortionatus3'
637 2323 802 2382 remedium
828 2322 1018 2399 incredibile,
1049 2323 1128 2397 quod
1153 2342 1207 2397 per
1237 2341 1268 2380 se
1293 2321 1470 2396 ostenditur,

292 2433 421 2473 nomen
439 2413 573 2472 domini
592 2413 726 2472 eiusdem
745 2413 883 2471 animalis
897 2412 928 2470 in
942 2430 1051 2471 corona
1064 2411 1149 2486 pedis
1164 2411 1277 2470 dexteri
1292 2410 1386 2486 grafio
1400 2429 1468 2485 per·

215 2537 218 2542 -
295 2503 424 2561 scribito.
435 2533 472 2543 -
484 2503 538 2560 His
549 2503 647 2561 verbIs
658 2503 746 2578 plane
757 2502 946 2561 consentiunt
954 2501 1104 2576 Hippiatr.
1117 2491 1175 2580 (ed.
1185 2500 1284 2558 Miller
1293 2499 1324 2557 in
1334 2493 1468 2557 ‘Notices

294 2599 325 2650 et
340 2584 476 2650 extraIts'
490 2591 560 2649 XXI
572 2584 606 2670 2)
622 2612 650 2665 p.
662 2593 712 2665 90,
728 2610 750 2648 c.
764 2593 836 2650 603.
856 2584 927 2649 Ἐὰν
941 2585 1040 2648 ἵππος
1055 2583 1168 2661 ἔντερα
1179 2585 1308 2665 πονήςῃ,
1325 2585 1467 2662 βοήθημα

295 2676 462 2738 δάςπιςτον
486 2675 537 2737 καὶ
565 2674 749 2752 παράδοξον
773 2675 854 2750 πρὸς
881 2675 919 2737 τὸ
943 2678 1091 2736 τοιοῦτον
1116 2674 1226 2736 πάθος.
1259 2672 1292 2735 Εἰ
1314 2673 1352 2734 τὸ
1372 2671 1467 2752 ὄνομα

292 2771 344 2828 τοῦ
374 2761 516 2827 δεσπότου
542 2762 652 2826 ἐπάνω
682 2768 740 2826 τοῦ
768 2763 884 2825 κύκλου
917 2767 975 2825 τοῦ
1002 2767 1107 2827 δεξιοῦ
1135 2760 1253 2839 ὄνυχος
1280 2765 1338 2824 τοῦ
1365 2761 1468 2824 ἵππου

294 2853 422 2935 γραφίῳ
446 2850 643 2929 ἐπιγράψεις,
663 2851 781 2917 εὐθέως
805 2851 973 2931 ἰαθήςεται.

386 3009 441 3076 13.
465 3017 543 3075 Item
562 3017 722 3076 cohaerent
735 3015 838 3092 Pelag.
857 3035 880 3074 ο.
896 3015 963 3074 VII.
983 3037 1010 3091 p.
1027 3018 1069 3074 40
1089 3018 1119 3074 et
1134 3014 1223 3090 Hipp.
1243 3035 1271 3089 p.
1288 3017 1339 3091 37,
1358 3033 1382 3072 o.
1398 3015 1470 3073 201.

339 3107 430 3164 Aliud
446 3106 482 3165 de
497 3107 711 3180 experimento:
729 3124 855 3164 nomen
954 3102 1044 3178 Πρὸς
1068 3099 1155 3162 αὐτὸ.
1199 3098 1327 3177 Γράψον
1352 3098 1395 3162 εἰς
1412 3100 1470 3177 τὴν

295 3196 428 3254 domini
447 3195 477 3252 in
492 3195 614 3253 dextera
628 3195 742 3271 ungula
756 3195 855 3253 dolen·
910 3187 1011 3267 ὄνυχα
1052 3192 1110 3251 τοῦ
1152 3189 1330 3265 πάςχοντος
1370 3187 1471 3250 ποδὸς

294 3286 334 3342 tis
354 3284 422 3359 equi
441 3291 494 3343 aut
519 3303 624 3343 servus
651 3287 704 3342 aut
729 3283 856 3359 quilibet
909 3283 968 3342 τοῦ
1004 3279 1089 3361 Ζῴου
1126 3275 1157 3341 τὸ
1191 3276 1285 3358 ὄνομα
1316 3283 1368 3340 τοῦ
1393 3279 1471 3339 ἰδίου

295 3373 370 3432 alius
391 3373 509 3433 scribat.
909 3365 1060 3431 δεσπότου.

388 3525 444 3594 14.
477 3533 539 3592 Pel.
563 3552 628 3608 app.
652 3553 681 3608 p.
702 3535 773 3592 109.
811 3532 859 3588 Ad
882 3532 1028 3590 tortiones
1054 3532 1109 3589 hoo
1134 3530 1237 3588 facito:
1261 3549 1387 3588 nornen
1412 3531 1473 3587 do-

295 3622 384 3680 mini
411 3622 447 3679 de
466 3625 632 3680 atramento
659 3622 690 3679 in
713 3620 827 3696 ungula
849 3620 931 3694 pedis
956 3619 1053 3678 dextri
1076 3619 1185 3695 prioris
1211 3619 1307 3677 scribe
1333 3623 1363 3676 ct
1386 3617 1472 3692 quid

297 3702 393 3789 sttl),
413 3711 469 3768 oni
489 3711 628 3770 scribis.
649 3710 835 3768 remediabis.

390 3863 445 3930 lb.
474 3870 618 3928 Anecdot.
633 3872 684 3928 lat.
701 3871 746 3930 ed.
761 3860 959 3949 Piechotta2),
978 3888 1024 3927 no.
1041 3871 1102 3927 201
1174 3866 1278 3925 scribis
1298 3869 1328 3922 et
1347 3882 1473 3921 nomen

296 3959 419 4033 Ipsius
438 3959 498 4034 qui
518 3959 624 4018 dolet.

302 4063 408 4070 ————
412 4063 514 4068 -.---—

390 4112 416 4179 1)
439 4109 517 4176 ‘quid
538 4111 585 4164 sit’
607 4111 755 4179 significat,
775 4113 807 4164 ut
825 4127 911 4179 genus
926 4110 1033 4163 bestiae
1050 4109 1181 4178 aegrotae
1199 4102 1376 4168 inscribatur,
1395 4101 1475 4154 velut

301 4199 373 4249 ecus,
402 4181 505 4244 asinus,
532 4182 582 4236 bos
611 4183 663 4235 etc.
708 4182 752 4236 Ita
780 4199 862 4250 saepe
889 4181 1051 4250 postulatur
1078 4197 1095 4233 a
1122 4175 1230 4230 medloo
1258 4173 1473 4254 praecantante3

300 4254 334 4308 cf.
354 4253 439 4306 Maro.
459 4251 576 4309 XXVlll
602 4257 642 4305 74.
672 4252 695 4304 si
720 4253 845 4306 iumenta
870 4251 1046 4317 carminabis
1073 4246 1278 4301 ‘intestinorum
1304 4245 1471 4298 molinorum

302 4325 347 4378 vcl
366 4341 500 4391 equorum
519 4323 564 4377 vel
584 4323 724 4375 asinorum
745 4325 841 4378 dices!

387 4398 415 4463 2)
436 4395 610 4449 Anecdotum
630 4392 749 4447 latinum
769 4411 783 4449 e
803 4395 863 4449 cod.
884 4395 962 4451 Voss.
983 4395 1013 4449 L.
1034 4391 1064 4458 Q.
1085 4395 1108 4444 9.
1130 4389 1172 4444 ed.
1192 4387 1347 4441 Piechotta.
1378 4385 1473 4457 Progr.

299 4463 397 4539 Gymn.
418 4467 599 4521 Leobschdtz.
621 4471 697 4522 1888.
